4168 5886
1 697 18 738 s
38 672 133 749 sabula
176 691 181 702 '

1 837 20 879 a
41 829 131 889 trausu

4 956 80 1024 illinc
96 966 129 1027 uti

44 1120 129 1184 quem:

0 1266 2 1291 1
26 1266 33 1293 ⁸
56 1236 128 1304 hinet

1 1387 74 1442 aetas
90 1401 126 1443 ven

7 1546 24 1573 u
47 1516 124 1581 otalii:

4 1679 20 1719 e
39 1655 124 1745 depost

1 1823 20 1876 t,
45 1815 123 1884 pamm

5 1935 117 2012 lristoririi

111 2907 117 2937 ²
207 2905 303 2973 hodie
330 2909 522 2992 ostendunt,
553 2933 614 2977 nec
640 2933 715 2997 spes
738 2909 913 2992 abjicienda
938 2920 1038 2990 esset,
1073 2906 1161 2986 sore,
1188 2905 1402 2972 utdissolnto
1430 2864 1642 2972 Memmii&
1659 2897 1669 2909 “
1787 2893 1806 2917 “’

780 475 1063 612 ...,.3....,..

297 718 389 806 Quos
410 718 559 806 puriores
581 717 687 784 sontes
716 721 743 786 si
775 730 888 784 nostro
916 738 997 782 aevo
1021 715 1108 784 adire
1137 719 1267 801 liceret,
1299 718 1374 808 quid
1402 719 1477 787 inde
1508 721 1639 790 haurire

212 856 365 942 potuisse,
387 868 420 922 et
436 855 599 944 quomodo
621 857 658 922 iis
680 879 797 924 usuros
820 853 917 922 luisse
940 855 1106 923 existimes
1126 853 1300 944 Bentlejos,
1319 855 1476 938 Wolfios,
1492 859 1639 940 Vossios,

212 1001 249 1055 ut
270 992 364 1072 alios,
385 1015 466 1080 quos
487 995 633 1060 seculum
656 1006 805 1059 nostrum
826 993 1020 1074 admiratur,
1041 993 1461 1082 praete1·mittam;quippe
1483 1017 1502 1060 a
1521 996 1637 1082 quibus

210 1129 312 1198 atiena
334 1152 462 1218 quoque
482 1146 531 1200 est
551 1132 685 1200 ambitio
705 1145 739 1197 et
758 1133 902 1222 partium
923 1129 1083 1212 studium,
1110 1152 1175 1217 qno
1201 1130 1334 1212 Graeci,
1366 1153 1480 1198 rerum
1506 1130 1633 1196 Attica·

211 1287 287 1330 rum
306 1269 512 1354 potissimum
540 1270 731 1358 scriptores,
758 1281 827 1335 tam
849 1267 940 1335 facile
962 1257 1124 1355 se'abripi
1145 1267 1369 1355 patiebantur,
1402 1280 1440 1332 ut
1466 1267 1522 1333 uni
1544 1269 1637 1334 alicui
1732 1255 1738 1260 ’

209 1404 335 1492 regioni
355 1408 410 1472 vel
429 1407 519 1490 nrbi,
540 1408 662 1494 patriae
681 1408 891 1496 praesertim,
913 1405 1022 1470 omnia
1044 1407 1185 1471 cultioris
1209 1407 1295 1470 vitae
1314 1405 1423 1484 initia,
1450 1405 1561 1471 omnia
1581 1426 1637 1469 ar·

210 1539 293 1606 tium
314 1553 348 1608 et
368 1542 611 1632 disciplinarum
631 1545 827 1631 primordia,
859 1543 967 1607 omnia
996 1541 1134 1626 deniqne
1154 1541 1291 1606 salubria
1312 1540 1517 1608 Graecorum
1541 1540 1638 1610 insti-

209 1685 279 1740 tuta
314 1645 479 1747 vindicare
515 1669 762 1746 anniterentur.¹
803 1680 913 1765 Quam
947 1676 1131 1764 improbam
1170 1677 1336 1742 libidinem
1374 1689 1485 1764 postea
1520 1677 1637 1744 imitati

211 1811 450 1898 quodammodo
471 1826 565 1897 sunt,
596 1827 629 1880 et
658 1813 696 1879 ad
721 1813 806 1879 aliud
833 1812 1052 1878 traduxerunt
1073 1811 1286 1898 Grammatici
1314 1812 1549 1893 Alexandrini,
1579 1814 1635 1900 qui

209 1969 252 2016 ex
273 1949 410 2015 obseura
432 1953 627 2038 antiquitatis
649 1949 735 2018 sama
755 1962 788 2016 et
809 1931 1075 2016 incertis'rernm
1098 1948 1289 2014 traditarum
1311 1949 1454 2038 vestigiis
1474 1949 1559 2015 saeta
1581 1948 1634 2014 hi-

205 2086 327 2174 storica
346 2087 505 2154 callidiore
525 2089 655 2176 quidem
676 2101 709 2154 et
729 2089 910 2155 versutione
932 2086 1083 2152 acumine
1103 2087 1216 2152 elicere
1237 2085 1389 2168 sciebant,
1411 2085 1467 2152 sed
1489 2083 1635 2172 mythos,

207 2232 242 2286 et
261 2223 386 2310 origine
407 2236 437 2288 et
459 2237 561 2291 aetate
580 2225 832 2306 diversissimos,
852 2227 889 2291 in
910 2245 1014 2289 unum
1035 2237 1181 2312 systema
1201 2224 1407 2314 colligebant,
1433 2233 1469 2289 et
1492 2222 1633 2310 priscam

207 2358 426 2428 sinceritatem
448 2363 542 2432 novis
568 2364 760 2430 commentis
786 2359 983 2430 infucabant.

229 2628 534 2708 Verumtamen
562 2637 615 2705 bic
649 2636 743 2704 sucus
775 2634 866 2700 lacile
893 2634 1034 2722 abstergi
1065 2647 1177 2720 posset
1207 2635 1286 2700 ab
1276 2636 1332 2716 ris,
1368 2632 1424 2722 qui
1452 2612 1674 2730 mirabilstmj
1866 2665 1872 2674 ·
1941 2613 1945 2622 ⁴

208 2769 371 2854 quandam
394 2785 499 2840 sitem
519 2775 555 2842 in
577 2773 629 2840 his
647 2774 761 2854 rebus,
792 2781 981 2860 temporum
1009 2771 1245 2858 bominumque
1277 2773 1372 2858 culpa
1398 2748 1643 2883 contaminata}

29 3053 35 3064 '
207 3061 328 3108 norum
347 3055 540 3132 systemate,
571 3055 604 3108 et
624 3045 756 3130 singulis
777 3043 900 3126 mythis
922 3029 983 3128 per
1005 3063 1041 3108 se
1060 3043 1211 3129 spectatis
1230 3053 1262 3106 et
1280 3041 1476 3122 aestimatis,
1504 3041 1632 3127 prisco·

208 3199 283 3245 rura
313 3192 501 3268 temporum
530 3180 748 3266 iutegritatem
769 3177 810 3244 ab
839 3177 953 3244 iisdem
980 3166 1077 3259 virts,
1112 3177 1148 3244 iu
1173 3175 1246 3272 hac·
1262 3189 1331 3242 arte
1358 3176 1540 3264 primariis,
1571 3177 1631 3242 ali-

209 3317 337 3401 quando
361 3319 541 3383 restitutam
563 3317 767 3396 videremus,
787 3315 966 3410 dnmmodo
986 3315 1115 3382 illorum
1136 3314 1372 3380 lucubrationes
1391 3313 1531 3400 integras
1550 3334 1630 3400 poa-

102 3458 111 3520 i
207 3451 395 3517 sideremus.
437 3450 486 3518 At
505 3452 538 3522 bi
560 3475 688 3540 quoque
708 3451 816 3518 fontes
838 3452 1019 3528 maximam
1039 3463 1168 3540 partem
1186 3430 1407 3532 exarueruut3
1427 3471 1491 3538 pro
1513 3449 1629 3536 quibus

38 3628 43 3642 ·
74 3597 108 3658 ·’,
207 3587 328 3653 turbidi
348 3587 462 3668 rivuli,
484 3603 517 3656 et
536 3613 554 3654 a
575 3594 674 3658 sacris
692 3603 726 3654 et
747 3611 765 3654 a
786 3589 932 3678 profanis
951 3590 1100 3656 manibus
1122 3589 1210 3654 illinc
1230 3587 1383 3667 derivati,
1406 3587 1462 3652 sed
1484 3609 1527 3653 ex
1548 3583 1630 3673 ope'-

1 3749 2 3754 *
54 3745 59 3755 ’
106 3795 108 3800 ,
207 3747 282 3798 roso
306 3726 443 3793 decursu
464 3749 525 3816 per
549 3727 643 3792 docta
663 3726 855 3814 indocteque
875 3729 980 3794 secuta
1001 3739 1033 3790 et
1051 3727 1258 3813 ingruentem
1278 3721 1459 3788 barbariem
1478 3723 1627 3788 sordibus

16 4289 107 4383 pstebs

2 4468 8 4495 t
31 4431 105 4516 senil

205 3864 326 3927 misere
350 3864 512 3952 corrupti,
542 3863 638 3928 hodie
658 3873 802 3926 maerent.

879 4193 944 4280 tt

238 4475 241 4482 Ι
292 4392 419 4482 Quodsi
438 4395 536 4482 igitur
559 4417 635 4476 nos,
657 4393 712 4480 qui
730 4405 797 4459 tam
819 4413 893 4457 sero
917 4391 952 4458 in
970 4389 1020 4456 his
1041 4385 1153 4453 studiis
1175 4405 1364 4466 versamur,
1383 4396 1495 4451 mente
1515 4398 1548 4452 et
1568 4410 1627 4452 eo·

127 4599 132 4608 ,
205 4503 360 4618 gitation'e
375 4532 488 4620 ingens
507 4531 664 4619 temporis
683 4531 823 4622 spatium
845 4527 1052 4619 respicimus,
1074 4525 1160 4611 quod
1180 4523 1256 4590 inde
1277 4547 1296 4590 a
1314 4524 1459 4590 Graecae
1475 4523 1627 4592 historiae

1169 4661 1263 4746 01·
