4168 5872
791 474 865 566 169

98 733 214 812 chios,
245 753 265 796 a
290 727 498 818 Melampode
527 721 663 796 Graecis
690 739 886 812 monstrata,
918 729 960 796 ad
988 733 1162 836 certiorem
1188 735 1353 828 religionis
1382 743 1543 836 rationem

98 883 261 936 revocata
280 870 362 950 sint,
397 867 557 958 explicet,
589 845 626 932 ut
654 889 697 932 ne
726 870 860 934 nomina
881 867 1013 962 quidem
1032 871 1165 942 illorum
1186 875 1424 962 sophistarum,
1457 903 1539 968 qnos

96 1021 223 1092 vocat,
257 1003 462 1088 incardium
489 1003 640 1093 proferre
667 1003 791 1072 audeat.

190 1180 307 1264 Itaque
340 1175 478 1266 Orpheo
492 1195 586 1274 -non
612 1175 856 1260 ⁸Bacchioorum
887 1187 1018 1244 tantum
1051 1181 1306 1268 mysteriorum,
1345 1185 1402 1250 sed
1432 1191 1540 1256 omnis

95 1318 243 1384 omnino
272 1315 431 1403 mysticae
458 1313 624 1403 religionis
658 1313 744 1380 inter
774 1313 919 1382 Graecos
946 1316 1095 1383 inventio
1118 1320 1172 1388 vel
1193 1319 1400 1408 amplificatio
1417 1326 1540 1393 tributa

101 1468 158 1521 est
174 1479 199 1534 a
219 1454 382 1521 veteribus
404 1455 471 1538 ²⁹).
525 1454 612 1521 Nolo
643 1451 696 1518 bic
726 1451 870 1520 diversas
900 1453 1108 1520 diversorum
1136 1449 1335 1544 scriptorum
1364 1464 1540 1530 sententias

102 1593 150 1656 de
165 1592 308 1658 ¹dirersis
326 1579 564 1684 mysteriorum
585 1591 756 1672 institutis,
777 1613 859 1678 quae
877 1613 939 1679 per
962 1591 1136 1660 Graeciam
1155 1593 1234 1694 olim
1254 1595 1455 1683 floruerunt,
1475 1623 1540 1679 exq

75 1743 232 1830 ¹catere.
286 1729 392 1798 Nobis
421 1700 579 1797 Bacchica
605 1739 737 1796 tantum
754 1730 915 1816 mysteria
942 1749 1040 1794 curae
1068 1743 1162 1814 sunt,
1189 1754 1272 1819 quae
1292 1733 1441 1804 Eleuside
1460 1761 1538 1807 cum

107 1869 296 1936 Cerealibus
317 1870 489 1954 conjuncta
511 1869 610 1934 fuisse
630 1866 761 1932 scimus.
820 1865 957 1953 Quippe
987 1866 1157 1955 Dionysus
1186 1869 1254 1951 ille,
1290 1873 1406 1975 quiet
1427 1875 1538 1947 Jacchi

107 2021 143 2072 et
173 2007 289 2096 Zagrei
319 2006 505 2074 nominibus
532 2005 727 2094 appellatur,
760 2003 814 2070 vel
844 2003 994 2087 Cereris,
1030 2007 1084 2073 vel
1105 2007 1321 2096 Proserpinae
1348 2009 1448 2097 lilius,
1484 2019 1539 2083 vel
1642 2029 1644 2035 ‘

61 2215 81 2232 „-
109 2145 240 2210 Cereris
261 2167 401 2212 assessor
421 2143 550 2211 habitus
572 2153 640 2218 θεῖς
672 2139 759 2205 uude
780 2141 978 2208 arctissimus
999 2143 1169 2232 utriusque
1194 2148 1339 2213 numinis
1368 2172 1538 2220 connexus

110 2285 188 2350 satis
209 2295 353 2372 apparet.
402 2283 530 2351 Cereris
557 2302 640 2346 vero
668 2279 772 2345 cultus
805 2299 882 2344 cum
904 2279 1126 2368 antiquissima
1152 2283 1348 2352 Cabiromm
1373 2291 1540 2378 religione,

110 2421 153 2486 ad
180 2443 277 2509 qnam
303 2441 433 2508 semper
460 2421 624 2508 respicere
655 2415 810 2482 convenit
842 2437 916 2496 eos,
950 2421 1006 2503 qui
1025 2442 1253 2508 quamcunque
1273 2445 1426 2493 areamm
1451 2429 1538 2497 inter

110 2559 255 2625 Graecos
276 2559 466 2648 religionem
486 2556 746 2646 investigandam
767 2556 828 2624 arbi
848 2567 1078 2644 sumpserunt,
1101 2558 1279 2624 arctissitm
1298 2559 1451 2630 cohaeret
1464 2565 1537 2648 ’Ἣ

109 2713 144 2765 et
162 2698 329 2787 primitiva
347 2696 416 2782 ejus
436 2693 528 2790 sedes
550 2691 685 2762 Thebae
706 2701 806 2776 sunt,'
831 2691 888 2760 ubi
910 2691 1109 2759 nobilissima
1131 2717 1260 2782 qnoque
1277 2699 1471 2785 conjunctio
1485 2665 1537 2772 illa

111 2859 187 2902 enm
216 2835 369 2923 Dionyso
400 2831 583 2920 quaerenda
612 2843 676 2914 est,
712 2844 750 2898 ut
778 2831 938 2898 Pindarus
964 2829 1095 2898 indicat.
1151 2833 1243 2899 Hinc
1270 2835 1455 2904 Eleusidem
1479 2843 1541 2910 ali..

114 2973 244 3062 qnando
265 2985 442 3060 utrumque
463 2991 587 3036 numen
608 2965 795 3058 profectum
817 2991 888 3033 esse
906 2964 1055 3056 oportetr
1083 2968 1171 3056 quod
1194 2969 1258 3035 nisi
1279 2975 1454 3060 maturius,
1487 2990 1538 3044 ta-

114 3133 253 3208 menleo
272 3111 338 3194 jam
358 3121 511 3200 temporo
528 3107 653 3176 factum
674 3117 739 3188 est,
773 3127 878 3192 quum
906 3117 939 3172 et
964 3105 1090 3194 Pelasgi
1110 3119 1146 3174 et
1163 3107 1311 3190 Thraces
1333 3132 1376 3177 ex
1399 3115 1459 3182 illis
1484 3139 1542 3198 re-⁴

114 3249 263 3338 gionibus
284 3247 387 3336 fugati
408 3259 441 3312 et
461 3245 606 3336 dissipati
625 3254 750 3326 essent,
772 3241 837 3307 hoc
857 3253 926 3326 est,
945 3243 1056 3310 seculo
1075 3243 1249 3312 undecimo
1266 3257 1342 3314 ante
1362 3249 1443 3320 Chr.

710 3525 942 3616 XXXIX*

198 3697 339 3786 Mythus
368 3697 409 3764 de
434 3673 563 3764 Baccho
593 3695 763 3760 dilacerato
792 3693 833 3756 ad
855 3693 1066 3778 praecipuos,
1103 3693 1158 3776 qui
1187 3695 1222 3757 in
1242 3697 1408 3778 mysteriis
1435 3701 1543 3768 traditi

115 3835 289 3920 dicuntur,
318 3835 508 3904 referendus
528 3845 589 3901 est.
638 3818 874 3916 Recentiorurn
900 3824 1105 3917 quonrndam
1135 3826 1236 3914 magis
1257 3823 1408 3916 cupidas,
1441 3854 1541 3920 quam

195 4111 245 4184 ⁷⁹)
264 4115 475 4169 Eleusiniornm
492 4119 655 4170 institutum
670 4119 699 4173 ei
717 4111 850 4180 tribuitur
867 4131 883 4165 a
897 4111 1025 4166 Diodoro
1041 4115 1069 4174 ὅ,
1077 4113 1121 4169 77·
1139 4106 1187 4174 (cl.
1200 4105 1371 4164 'Ibeodoret
1388 4109 1509 4183 Therap.
1520 4123 1546 4175 1.

118 4215 190 4274 'M
209 4231 236 4284 p.
246 4217 308 4276 468.
325 4232 350 4267 a.
368 4209 424 4282 Op.
442 4209 533 4266 Strsb.
547 4219 591 4273 10.
616 4217 713 4280 pt'n.
726 4228 752 4266 a.
771 4216 799 4272 4.
823 4215 922 4280 p0193.
940 4207 1016 4276 Ta).
1050 4205 1159 4259 Cereris
1182 4203 1338 4259 Chthonius
1361 4214 1479 4276 mystica
1497 4225 1544 4265 re·

118 4311 192 4380 ligio
210 4325 255 4378 ap·
272 4307 507 4364 Lacedaemonios
531 4308 671 4378 (Panna,
689 4315 732 4376 14,
752 4315 779 4370 5.
806 4305 844 4361 ci·
861 4303 898 4362 0.
915 4305 1045 4362 Mueller.
1062 4301 1132 4356 Dor·
1149 4301 1220 4360 ΤΑ·
1243 4307 1344 4369 Ρ.399·
1364 4329 1402 4346 ·-
1424 4303 1455 4360 Id
1474 4309 1546 4362 mal·

118 4414 320 4476 interpretatur
343 4407 430 4463 Barea
447 4407 533 4464 Mem.
557 4409 647 4469 T·16·
674 4423 703 4477 p·
712 4411 777 4474 21.)-
818 4403 1020 4476 Aegineticum
1037 4403 1170 4470 mysteria
1194 4397 1290 4464 (Pauo
1304 4407 1331 4466 2,
1347 4407 1393 4470 30,
1408 4409 1435 4464 2,
1451 4402 1490 4457 cf.
1509 4401 1546 4461 0,

117 4504 253 4560 Unellar.
278 4503 380 4574 Aegin-
403 4519 432 4573 p.
446 4509 522 4568 17303
551 4515 635 4575 negat
661 4505 843 4560 Ttademaao.
869 4500 966 4573 Mb)
1268 4501 1273 4508 '

195 4600 242 4666 ¹⁰)
261 4599 298 4662 0·
317 4603 447 4661 Mueller.
466 4579 603 4658 Orabam.
622 4618 650 4672 p.
663 4607 725 4662 450.
742 4625 779 4646 a·
796 4601 839 4657 Do
855 4599 986 4666 Dionyso
1005 4595 1105 4652 Cabiro
1121 4595 1179 4650 std·
1199 4593 1282 4650 eund.
1300 4595 1328 4664 p.
1339 4599 1401 4658 ³84·

680 4718 692 4750 ⁴
955 4757 961 4767 ·
1116 4725 1161 4789 22
