4168 5872
1229 445 1303 522 tta

1124 557 1409 584 m

551 701 749 788 Pelasgicam
777 717 896 762 vocare
920 696 1063 780 malunt,
1098 698 1230 764 scabrae
1254 691 1448 764 horridion's
1477 693 1594 763 Dorici
1613 698 1772 764 ammonis
1797 695 1927 762 formae
1949 709 1982 762 et

554 839 712 904 lleaiones
734 837 846 898 enatae
867 833 949 913 sint,
986 835 1021 899 in
1044 832 1160 922 quibus
1185 831 1385 922 explicandis
1405 831 1543 914 frustra,
1576 844 1615 900 ut
1634 834 1768 919 opinor,
1783 909 1787 916 Ι
1801 833 1985 898 desudave—

554 976 613 1041 rit.
667 973 774 1036 Immo
795 983 944 1036 accurata
969 969 1172 1036 diversarum
1202 969 1413 1036 dialectorum
1433 970 1573 1058 cognitio
1593 981 1626 1036 et
1645 962 1843 1058 comparatio
1872 970 1987 1036 certis·

557 1110 645 1176 simis
675 1107 876 1196 argumentis
910 1105 1078 1193 aliquando
1114 1105 1258 1189 docebit,
1298 1106 1460 1174 Doricum
1490 1127 1695 1188 sermonem,
1728 1119 1777 1188 et,
1821 1107 1877 1192 qui
1910 1105 1984 1170 huic

558 1213 804 1332 cognatissimus
832 1254 897 1324 est,
927 1243 1117 1324 Aeolicum,
1150 1255 1183 1309 et
1211 1244 1342 1310 lonicae
1372 1255 1405 1307 et
1435 1241 1564 1309 Atticae
1589 1241 1713 1309 dialecti
1735 1242 1858 1308 formas
1887 1243 1923 1308 iu
1952 1265 1983 1306 se

557 1382 741 1462 includere,
781 1382 883 1466 iisque
911 1379 1046 1445 omnino
1072 1381 1163 1468 quasi
1192 1400 1254 1467 pro
1288 1379 1502 1446 fundamento
1527 1379 1636 1445 fuisse.
1693 1382 1760 1448 Alii
1794 1405 1832 1445 eo
1867 1381 1985 1468 delapsi

350 1591 353 1598 .
446 1575 448 1580 .
559 1531 654 1599 sunt,
684 1531 722 1582 ut
744 1528 928 1597 censerent,
950 1517 1224 1602 antiquissimam,
1254 1516 1405 1583 omnibus
1429 1516 1562 1582 Graecis
1582 1538 1790 1588 communem
1797 1567 1807 1602 ,
1834 1520 1983 1606 linguam,

558 1653 668 1720 nescio
690 1675 787 1739 quarn
810 1654 957 1718 omnium
981 1651 1191 1720 dialectorum
1212 1655 1387 1722 misturam
1413 1652 1527 1736 fuisse,
1564 1676 1583 1719 e
1608 1676 1686 1741 qua,
1705 1667 1754 1736 ¹ut
1779 1678 1823 1722 ex
1848 1656 1984 1722 Anaxa-

558 1813 656 1878 gorae
684 1790 962 1859 turbulentissimo
992 1789 1072 1854 chao
1105 1791 1160 1854 hic
1195 1813 1309 1854 rerum
1343 1790 1444 1871 ordo,
1481 1791 1624 1878 singulae
1659 1790 1782 1860 dialecti
1808 1806 1884 1881 post
1908 1792 1983 1858 infi-

563 1930 670 2020 nitrun
701 1929 859 2014 temporis
885 1926 1094 1994 urtervadum
1122 1924 1315 2014 prodierint.

647 2149 795 2215 Jonicam
821 2147 991 2214 dialectum
1022 2150 1058 2212 in
1087 2148 1167 2215 Asia
1198 2148 1331 2214 demum
1360 2161 1484 2231 ortam,
1522 2171 1622 2236 eaque
1649 2151 1817 2236 antiquum
1844 2147 1982 2212 Graecae

563 2289 690 2376 linguae
717 2287 819 2350 robur
846 2285 988 2350 fractum
1021 2307 1108 2366 esse,
1140 2287 1204 2371 ipsi
1234 2299 1362 2352 veteres
1392 2295 1556 2352 testantur
1571 2287 1635 2366 ²⁹).
1694 2287 1807 2374 ltaque
1834 2275 1982 2350 continuo

565 2423 644 2490 falsa
665 2435 713 2487 est
732 2443 846 2486 eorum
868 2421 998 2508 opinio,
1016 2403 1081 2506 'qui
1102 2421 1187 2486 illam
1207 2443 1249 2486 ex
1275 2423 1403 2508 antiqua
1427 2421 1563 2487 Graecia
1585 2421 1746 2490 derivant.
1787 2423 1983 2490 Cultissimus

565 2557 707 2628 Homeri
737 2577 845 2622 sermo
872 2558 1009 2643 paruula
1037 2557 1227 2643 antiquioris
1254 2557 1389 2646 vestigia
1416 2571 1535 2624 servat.
1580 2560 1698 2658 ‘Notae
1728 2574 1805 2626 sunt
1834 2559 1984 2626 Aeolioae

566 2697 745 2762 verborum
773 2692 914 2774 formae,
952 2715 1032 2780 quae
1061 2693 1147 2780 apud
1175 2661 1362 2762 Homerum
1390 2697 1464 2762 satis
1487 2695 1673 2782 frequentes
1691 2698 1919 2784 reperiuntur,
1952 2709 1983 2760 et

544 2901 546 2906 ,
564 2829 804 2918 frequentiores
824 2831 921 2895 etiam
940 2829 1025 2916 apud
1047 2830 1229 2895 Hesiodum
1251 2832 1443 2906 Boeotiumt
1482 2831 1672 2898 resederunt
1697 2857 1823 2921 quoqm
1846 2835 1984 2900 usitatis·

569 2971 668 3034 simae
687 2967 908 3056 genitivorum
929 2965 1054 3032 formae
1082 2968 1117 3032 in
1145 2993 1211 3036 oto·
1225 2980 1257 3033 et
1286 2995 1326 3038 ua
1348 2981 1523 3050 exeuntes,
1560 2989 1641 3055 quae
1661 2993 1680 3035 e
1700 2972 1830 3058 reliquis
1853 2971 1981 3038 dialectis

569 3109 623 3172 ‘vel
643 3127 777 3192 prorsus
799 3103 869 3168 fere
887 3117 1105 3186 evanuerunt,
1137 3106 1192 3171 vet
1212 3106 1390 3170 Homerica
1408 3069 1586 3172 imitatione
1607 3109 1751 3175 retentae
1771 3121 1862 3174 sunta
1898 3111 1982 3196 epica

512 3257 517 3264 ⁴
571 3245 680 3306 mrtem
708 3241 857 3306 dialectus
883 3240 949 3304 illes
978 3241 1142 3321 servavit,
1180 3242 1440 3329 quandoquidem
1468 3246 1578 3310 versui
1607 3245 1737 3311 beroieo
1764 3245 1985 3311 accommoda·

570 3379 712 3443 tissimae
733 3389 809 3442 sunt
828 3377 891 3458 ³⁰).
942 3376 1089 3444 Omnino
1118 3379 1270 3444 omnibus
1300 3380 1510 3467 sequentibus
1539 3368 1645 3469 poetis
1665 3382 1863 3448 Homericus
1884 3405 1985 3448 sermo

573 3527 770 3600 perpetuum
788 3515 994 3600 propositum
1016 3512 1086 3602 fnit.
1098 3518 1274 3602 exemplar,
1295 3516 1334 3580 ad
1356 3517 1443 3602 quod
1465 3497 1987 3607 suunttnguamconformeren,

574 3661 607 3712 et
627 3669 767 3734 quocum
785 3651 879 3716 aliam
891 3649 1265 3736 agitemlibetdielectum
1288 3665 1518 3752 temperarent.
1558 3655 1739 3746 ·Naptuna
1756 3655 1892 3756 ¹,tlietletto
1916 3657 1986 3722 nul-

533 3777 543 3793 “
572 3785 627 3849 lus·
641 3787 737 3872 pocla
759 3807 842 3874 pure
865 3795 939 3852 usus
962 3799 1020 3854 est.
1062 3786 1190 3854 Verum
1212 3789 1292 3857 haec
1315 3789 1415 3859 nunni
1426 3793 1530 3859 missa
1546 3789 1640 3863 facio.-

573 3979 1018 3998 ann—um

543 4079 560 4198 ἰ
645 4109 694 4196 2⁹2
712 4111 863 4193 nephasti.
884 4115 988 4178 prat.
1011 4105 1116 4166 aaran·
1152 4111 1191 4161 n
1179 4111 1288 4203 atvar·
1312 4115 1353 4169 rar
1357 4113 1494 4225 1111...
1519 4115 1544 4167 a
1567 4103 1670 4182 statu
1696 4113 1744 4169 st.
1767 4114 1914 4236 ulmus
1926 4116 1991 4170 nor.

572 4211 642 4272 Τ·.1
668 4213 751 4279 1.·’15

557 4401 560 4408 ¹
640 4331 808 4418 3⁰)1‘attcis
834 4333 883 4419 lats
900 4339 1064 4406 attingimus
1088 4351 1164 4402 seut,
1194 4350 1265 4406 quac
1289 4333 1374 4406 louge
1391 4339 1577 4416 explicatione
1595 4337 1679 4415 digna
1696 4227 1852 4400 est3i1ain
1870 4341 1994 4393 nondum

562 4431 732 4508 ,quifieinun
757 4453 828 4507 quae
844 4434 979 4502 hacteuus
997 4409 1105 4501 prolata
1123 4444 1202 4499 suot,
1233 4445 1265 4486 ut
1290 4452 1305 4486 a
1329 4417 1506 4524 lioeppe'riio
1514 4433 1560 4510 (de
1577 4407 1712 4488 iibniero'
1722 4447 1749 4521 p
1738 4419 1866 4504 ’··233··,)
1881 4453 1899 4490 a
1915 4437 1994 4494 Man·

525 4558 527 4567 ·
573 4546 641 4590 sone
657 4529 705 4600 (de
724 4530 839 4587 llestod.
854 4535 886 4586 tn
905 4515 1076 4602 supplem
1093 4507 1384 4602 11811111,Τ’3,2’ζ
1402 4520 1495 4600 pin)
1517 4513 1645 4600 altiique
1658 4508 1790 4646 ιιῦ1111’
1783 4554 1827 4575 ·-
1857 4566 1872 4581 ,
