4168 5886
1215 459 1341 544 6..

1091 576 1373 598 -ιι--ι-β

528 729 703 818 cogitatum
711 755 723 806 ,·
741 731 912 802 ornatum,
942 719 1105 786 variatum
1126 715 1176 782 sit.
1225 711 1323 781 Vena
1344 714 1469 803 poetica
1490 711 1616 777 animos
1644 710 1848 778 Graecorum
1877 725 1937 780 tau·

529 884 643 958 topace
681 867 930 952 penetrauerat,
966 866 1021 938 ut,
1061 854 1091 920 si
1127 853 1329 941 singularum
1371 865 1513 920 aetatum
1552 853 1799 938 seculorumque
1838 854 1940 942 singuli

531 1022 646 1100 poetae
675 1004 769 1071 nobis
800 1007 1023 1086 superessent,
1053 991 1177 1083 optime
1197 990 1274 1057 inde
1300 995 1486 1084 perspicere
1512 1013 1682 1083 possemus
1702 989 1847 1077 singulos
1874 1013 1940 1080 pro·

533 1169 661 1238 gressus
682 1155 714 1209 et
730 1137 871 1228 gradus,
905 1139 1021 1226 quibus
1045 1134 1320 1226 ingeniosissimus
1345 1137 1486 1225 populus
1514 1134 1555 1200 ad
1575 1132 1771 1218 altissimum
1788 1131 1865 1200 illud
1886 1135 1941 1200 cul·

535 1302 628 1356 turae
659 1281 823 1369 fastigium
859 1277 1070 1370 adscenderit.
1129 1277 1219 1344 Nam
1252 1278 1338 1346 inter
1366 1281 1540 1348 innumera
1576 1278 1635 1343 alia
1665 1275 1728 1340 boc
1762 1275 1941 1361 quoqneiu

460 1455 490 1492 .·
538 1422 673 1490 Graecis
693 1418 798 1508 poetis
820 1416 1035 1499 admiramur,
1060 1383 1098 1482 ut
1117 1417 1233 1498 seculi,
1268 1419 1333 1505 quo
1354 1421 1489 1506 quisque
1509 1418 1610 1499 vixit,
1640 1413 1740 1480 fidam
1760 1413 1854 1480 nobis
1875 1416 1942 1482 ima·

537 1567 647 1652 gisem
671 1557 819 1626 reddant.
865 1555 979 1644 Quid?
1009 1554 1095 1643 quod
1101 1604 1111 1638 ‚
1134 1569 1206 1642 'quo
1233 1559 1325 1624 altius
1354 1557 1389 1622 in
1417 1560 1639 1646 antiquitatem
1668 1558 1873 1624 Graecorum
1898 1557 1944 1624 ad·

537 1707 738 1782 scendimus,
767 1720 805 1764 eo
827 1695 945 1760 arctius
966 1695 1076 1760 omnia
1096 1717 1174 1760 cum
1196 1696 1286 1782 poesi
1307 1698 1481 1780 conjuncta
1504 1709 1538 1762 et
1557 1698 1648 1783 quasi
1669 1697 1814 1784 colligata
1834 1695 1944 1784 reperi·

539 1871 622 1916 unus.
672 1837 836 1908 Omnium
861 1833 931 1900 sere
955 1836 1076 1900 artium
1098 1833 1311 1919 omniumque
1340 1835 1581 1922 disciplinarum
1609 1835 1788 1924 primordia
1814 1835 1945 1922 inposui

540 1997 618 2054 sunt
649 1971 848 2067 quaerenda,
884 1983 917 2080 et
943 1970 1104 2058 originem
1136 1991 1228 2034 suem
1259 1971 1333 2058 plus
1367 1975 1535 2067 miumve
1555 1973 1710 2062 produnt.
1767 1971 1877 2058 Quam
1905 1971 1945 2037 diu

538 2129 660 2204 luctata
689 2129 736 2183 est
762 2109 982 2201 philosophia,
1012 2111 1203 2196 priusquam
1231 2115 1391 2201 poeticam
1418 2127 1491 2180 tum
1520 2113 1662 2180 sormam
1692 2123 1764 2176 tum
1793 2113 1944 2178 materiem

543 2259 719 2330 desereret!
760 2249 897 2326 Thales,
922 2246 1049 2333 primus
1079 2244 1235 2316 Graeciae
1257 2251 1488 2340 philosophus,
1517 2263 1550 2316 et
1578 2249 1722 2316 sormam
1742 2259 1776 2314 et
1795 2251 1945 2316 materiem

544 2429 588 2474 εχ
611 2388 838 2492 antiquissimis
867 2381 1150 2470 cosmogouiarum
1173 2397 1205 2450 et
1231 2385 1481 2476 theogoniarum
1506 2385 1689 2453 auctoribus
1716 2387 1831 2473 petiit3
1863 2387 1946 2473 petie·

543 2557 624 2615 mm
643 2535 777 2624 reliqui,
806 2547 888 2615 quos
908 2523 1125 2612 physicorum
1145 2524 1278 2590 nomine
1297 2529 1460 2615 appellare
1486 2525 1639 2592 solemus.
1690 2522 1801 2609 Quare
1820 2543 1890 2586 nou
1910 2519 1947 2586 vl·

546 2687 623 2764 dec,
661 2698 719 2742 cur
740 2678 868 2759 poetas,
905 2684 1045 2751 quorum
1074 2661 1235 2728 rationem
1262 2666 1308 2734 illi
1333 2667 1460 2754 sequuti
1483 2657 1586 2745 sunt,
1610 2682 1678 2726 non
1701 2655 1815 2722 ecdem
1838 2657 1971 2754 nominey
2024 2657 2025 2660 ’

544 2813 756 2914 philosophos
776 2824 906 2872 *vocare
935 2802 1036 2868 liceat.
1088 2802 1235 2872 Historia
1264 2818 1371 2874 autem
1400 2817 1517 2872 uotmn
1545 2811 1594 2866 est
1624 2817 1722 2884 quam
1754 2795 1809 2860 diu
1843 2819 1864 2860 a
1894 2795 1950 2862 solis

544 2963 646 3055 poetis
673 2951 790 3021 tradita
819 2952 851 3006 el
878 2949 1057 3028 propagata
1084 2937 1135 3004 Sit·
1187 2943 1262 3010 Nec
1283 2967 1481 3034 quemquam
1508 2941 1604 3010 hodie
1633 2937 1733 3026 fugit,
1763 2956 1862 3021 quam
1883 2948 1952 3002 arcte

548 3117 686 3191 operum
710 3083 849 3156 artifices
874 3100 909 3144 se
929 3077 1035 3164 poetis
1057 3073 1284 3163 adjunxerint,
1308 3103 1485 3169 eorumque
1506 3079 1657 3170 perpetui
1678 3075 1812 3142 comites
1831 3069 1952 3156 filerintt

548 3231 712 3328 quomodo
738 3224 783 3292 illi
810 3218 950 3298 formas,
978 3212 1174 3280 carminibus
1204 3211 1243 3278 ab
1266 3213 1316 3281 bis
1339 3216 1531 3306 descriptas,
1560 3217 1710 3285 miranda
1738 3229 1772 3284 et
1797 3219 1894 3308 plane
1916 3217 1952 3284 dl-

549 3381 628 3446 vina
648 3380 718 3438 arte
736 3354 1067 3448 repraesentaverint,
1099 3363 1137 3417 ut
1155 3351 1284 3420 Phidias
1305 3354 1464 3424 sublimen
1487 3358 1579 3423 lovis
1604 3357 1773 3446 Olympici
1796 3359 1953 3448 imaginem

550 3514 635 3608 apud
655 3511 843 3576 Homerum
866 3497 1007 3576 invenit:
1036 3492 1164 3578 etquid
1186 3507 1300 3581 poetae
1320 3495 1362 3560 ab
1392 3494 1567 3560 artificibus
1595 3499 1732 3564 mutuati
1760 3499 1841 3580 sintt
1871 3504 1912 3566 ita
1929 3511 1953 3564 ul

550 3660 734 3758 lyricorum
757 3655 790 3708 et
819 3636 1017 3724 tragicorum
1048 3631 1253 3720 potissimum
1287 3633 1469 3700 carminum
1498 3636 1724 3723 interpretatio
1752 3661 1794 3703 ex
1821 3651 1955 3706 veterum

553 3813 692 3888 operum
720 3788 868 3852 accurata
893 3773 1075 3863 cognitione
1104 3790 1200 3858 saepe
1227 3783 1295 3840 tcta
1319 3771 1476 3861 pendeat,
1506 3783 1540 3838 et
1567 3784 1690 3838 contra.
1741 3774 1855 3863 Quid?
1889 3775 1956 3866 quod

551 3941 678 4032 primae
698 3926 776 3995 adeo
798 3921 1010 3988 Graecorum
1028 3911 1242 4002 legislationes
1268 3911 1417 3978 versibus
1447 3909 1626 3996 descriptae
1655 3924 1687 3979 et
1713 3915 1839 4004 poetico
1868 3919 1959 3986 0010oe

551 4080 749 4164 temperatae
776 4069 862 4126 sunl·

638 4347 699 4416 Sed
730 4344 809 4408 haec
835 4337 945 4404 omnis
974 4331 1153 4398 accuratius
1183 4341 1217 4394 et
1248 4331 1438 4418 explicatius
1467 4325 1612 4394 tractabo
1641 4327 1677 4394 in
1700 4327 1845 4396 Graecae
1872 4335 1964 4420 poesis

555 4487 706 4565 historia,
726 4499 823 4567 quam
843 4477 879 4540 in
899 4483 1003 4536 certas
1023 4467 1177 4556 quasdam
1197 4483 1385 4560 temporum
1405 4467 1555 4554 periodos
1578 4467 1784 4534 distributam
1807 4473 1967 4538 vernacula

556 4633 665 4719 lingua
686 4619 829 4690 seribere
850 4633 1018 4702 aggressus
1041 4631 1133 4687 suun,
1174 4607 1250 4700 Quo
1270 4609 1306 4676 in
1326 4627 1426 4698 opere
1457 4605 1504 4672 sic
1527 4607 1652 4674 versari
1672 4607 1716 4674 in.
1738 4608 1849 4672 audmo
1868 4609 1968 4686 babeo,
