4168 5872
307 419 504 532 μ’
832 433 926 515 97·

134 641 215 770 phei
243 679 446 772 discplinam
473 693 611 750 sectatos
631 705 717 765 esse,
748 696 783 752 et
809 637 858 751 errx
881 695 975 772 porte
1007 683 1105 752 etiam
1138 683 1349 774 depravasse,
1381 683 1510 752 sollerte
1538 699 1574 758 et

132 819 285 910 diligente
311 823 553 922 comparatione
578 824 665 890 inter
685 846 740 910 es,
774 848 856 916 quae
874 825 1005 917 probati
1025 837 1173 894 auctores
1196 823 1237 892 de
1258 825 1338 909 illis,
1372 838 1406 896 et
1426 849 1510 916 quae
1530 829 1574 930 de

131 958 197 1024 hoo
215 959 368 1044 tradunt,
400 919 617 1036 demonshsrt
635 977 745 1057 potest
764 965 840 1051 ⁸¹);
873 966 935 1034 etsi
955 965 1074 1032 diserta
1094 945 1247 1030 vetemur
1269 966 1457 1034 testimonia
1474 966 1569 1036 nobis

130 1097 259 1166 desunt.
312 1098 439 1170 Certim
467 1105 509 1172 de
538 1105 719 1172 Heraclito'
728 1108 906 1194 loquuntur
928 1106 1067 1172 seriores
1086 1103 1222 1187 Graeci,
1264 1127 1363 1193 quem
1385 1107 1569 1197 Orphioam

118 1235 336 1342 'disprlinam
357 1261 460 1328 quum
481 1241 642 1332 accepisse
661 1255 730 1311 tum
753 1199 931 1312 ericoluisse
951 1241 1074 1312 ferunt.
1122 1243 1233 1330 Hujus
1263 1241 1425 1332 opinionis
1445 1237 1567 1314 fundus

133 1374 220 1462 apud
257 1377 427 1448 Platonem
461 1383 562 1472 vulgo
596 1385 770 1470 quaeritur.
832 1382 899 1472 Qui
934 1402 1040 1468 quum
1079 1377 1167 1448 forte
1201 1383 1394 1468 pronuntiet
1425 1384 1567 1472 (Cratyl.

132 1520 252 1600 1240ss-
269 1515 332 1600 b·),
363 1518 568 1586 Heraclitum
589 1542 666 1586 cum
692 1519 855 1603 Hesiod0,
885 1520 1036 1604 Homero
1064 1529 1097 1584 et
1126 1515 1264 1604 Orpheo
1293 1517 1430 1586 fluidum
1459 1523 1566 1608 quod-

133 1651 210 1718 dam
236 1654 399 1742 posuisse,
433 1670 472 1724 ut
498 1659 648 1726 omnium
672 1681 785 1726 rerum
813 1656 1029 1746 principium,
1063 1653 1160 1743 idque
1188 1675 1231 1719 err
1257 1655 1452 1745 etymologia
1474 1662 1565 1726 vocis

133 1783 224 1874 ῬεόιΙ
238 1752 419 1874 (Heracliti
446 1811 625 1890 στοιχεῖον,
655 1797 770 1886 apio)
790 1794 912 1874 eliciat3
938 1806 1068 1860 tanturn
1096 1790 1203 1871 abest,
1232 1801 1270 1854 ut
1298 1792 1367 1856 vim
1397 1815 1434 1858 ao
1461 1796 1564 1865 robur

129 1928 190 1995 ista
221 1930 332 2018 opinio
362 1931 440 2000 hinc
466 1936 629 2024 acquirat,
666 1945 704 2000 ut
731 1933 854 1999 mirum
882 1931 919 1998 in
944 1929 1081 1996 modum
1101 1924 1322 1996 labefactetur.
1380 1931 1513 2012 Etenim
1535 1939 1564 2004 si

129 2067 203 2154 quis
231 2068 308 2134 inde
337 2073 428 2158 sequi
455 2071 649 2152 affirmaret,
685 2081 721 2137 et
742 2071 836 2138 multi
857 2067 1063 2170 affirmarunt
1079 2062 1149 2154 ⁰²),
1186 2065 1390 2134 Heraclitum
1418 2093 1460 2138 ex
1491 2073 1563 2140 Or-

126 2206 226 2292 phica
258 2207 425 2294 disciplina
454 2208 694 2297 philosophiam
724 2229 815 2273 suam
843 2205 1024 2288 derivasse,
1057 2209 1180 2292 quanto
1214 2202 1350 2270 meliore
1378 2208 1452 2292 jure
1478 2235 1563 2280 oon-

125 2343 219 2410 tendi
240 2345 359 2432 possit,
391 2346 534 2412 eundem
558 2345 790 2434 philosophum
817 2341 978 2410 Hesiodea
1000 2355 1034 2409 et
1055 2341 1234 2410 Homerica
1256 2339 1384 2410 decreta
1405 2345 1467 2412 sibi
1485 2351 1563 2424 vin-,

128 2479 268 2560 dicessere
304 2480 463 2568 siquidem
488 2482 522 2550 hi
544 2495 660 2570 poetae
679 2483 789 2570 primo
817 2493 851 2548 et
870 2481 1028 2569 primario
1050 2482 1122 2546 loco
1142 2479 1372 2586 nominantur3
1403 2481 1561 2570 Orpheus

127 2597 215 2682 vero·
241 2617 275 2684 in
302 2630 491 2686 transcursu
522 2631 662 2686 tantum.
717 2620 958 2687 Verumtamen
988 2630 1021 2682 et
1052 2638 1112 2706 ego
1143 2629 1243 2704 puto,
1277 2615 1415 2704 aliquam
1443 2621 1559 2689 saltem

126 2755 370 2824 similitudinem
408 2757 627 2824 intercessisse
660 2757 747 2824 inter
780 2779 901 2846 paucos
938 2753 1068 2844 Orphei
1105 2765 1140 2820 et
1170 2753 1330 2822 Heracliti
1363 2761 1558 2826 sententias:

124 2897 295 2984 utriusque
331 2855 412 2961 vero
448 2893 697 2985 philosophandi
732 2895 895 2962 rationem
932 2891 1187 2959 diversissimam
1220 2890 1352 2972 habe03
1396 2896 1558 2984 similique
1634 2921 1639 2930 ’

127 3036 227 3100 modo
252 3033 293 3099 de
319 3033 510 3122 Pherecyde
539 3033 637 3121 Syrio
662 3043 802 3112 statuo„
836 3033 879 3098 In
907 3027 1102 3118 quibusdam
1130 3027 1228 3096 rebus
1256 3031 1393 3119 propius
1421 3033 1461 3098 ad
1482 3034 1558 3101 Or-

124 3173 257 3263 phicam
278 3173 460 3240 doctrinam
482 3170 650 3258 accessisse
666 3155 829 3238 ⁴videntur
847 3165 1057 3280 Parmenides
1078 3177 1110 3232 et
1129 3165 1362 3256 Empedocles,
1397 3172 1453 3258 qui
1482 3173 1556 3262 Py.

742 3372 762 3432 O

199 3549 248 3620 ⁸¹)
264 3550 306 3607 Ac
325 3551 524 3606 demonstravit
539 3547 783 3609 Bonterweoklus,
799 3541 837 3610 (l-
852 3542 874 3596 l.
891 3557 975 3612 supra
987 3555 1020 3611 p.
1035 3537 1094 3608 44.)
1111 3543 1149 3594 tis
1167 3541 1347 3609 potissimum
1362 3538 1468 3612 fideus,
1485 3561 1556 3616 qnae

123 3649 290 3706 Aristoteles
304 3646 426 3704 tradidit.
461 3645 527 3719 Quo
547 3659 639 3702 autem
657 3647 728 3701 duce
746 3651 836 3716 magis
854 3641 913 3698 fido
931 3643 979 3697 hio
996 3643 1040 3693 uti
1055 3639 1143 3692 licet?
1160 3659 1198 3682 .-

197 3789 245 3861 82)
261 3793 394 3862 Upmark.
410 3789 444 3843 da
460 3787 612 3852 Heraclito,
629 3781 871 3855 p.17.,‚Lsmbec.
888 3781 988 3835 Prodr.
1004 3795 1032 3847 p.
1045 3785 1098 3843 17..
1116 3775 1208 3830 Stura.
1223 3778 1257 3830 de
1271 3775 1444 3848 Pherecyde,
1461 3799 1488 3851 p.
1499 3787 1554 3852 61„

127 3891 260 3966 Crenaer.
281 3889 362 3945 Stud·
379 3888 414 3944 T.
428 3895 462 3948 ti
477 3903 504 3955 p.
519 3891 555 3946 20
572 3901 614 3954 sq·
639 3883 674 3938 Τ.
685 3893 712 3946 2.
734 3899 763 3952 p.
775 3887 837 3944 229.
861 3883 932 3946 266,
957 3877 1081 3931 Harless.
1106 3875 1141 3928 ed
1166 3873 1274 3928 Febris·
1298 3873 1333 3928 Τ.
1346 3884 1374 3935 1.
1399 3891 1428 3946 p.
1437 3884 1498 3941 154,
1516 3905 1553 3923 ..-

126 3993 217 4048 Aliter
236 3991 364 4045 Kennius
383 3970 417 4040 etl
435 3985 544 4040 Conon·
561 3991 657 4053 p·12·,
679 3979 806 4037 Analect.
824 3977 928 4032 Philol.
945 3991 973 4044 p.
989 3979 1034 4038 39.
1060 3970 1309 4028 Schleiennaoher.
1336 3969 1371 4026 tle
1394 3971 1554 4030 iterastis

124 4087 226 4144 wolfit
241 4089 317 4145 Mus.
333 4085 431 4154 Antiq.
448 4082 528 4136 Stud.
546 4082 580 4136 T.
594 4081 615 4134 1.
633 4095 661 4148 p·
672 4083 726 4140 350
744 4097 803 4150 sqq.
819 4105 856 4119 -
875 4075 983 4131 Clarius
1002 4071 1131 4125 Clemens
1148 4067 1231 4124 Alex.
1248 4067 1362 4135 (Suom.
1376 4073 1439 4132 752.
1457 4071 1555 4138 (629.))

123 4187 237 4258 quidem
255 4195 386 4249 testetur,
404 4187 478 4234 rme
497 4172 634 4246 sictonam
650 4181 689 4228 ets
704 4167 814 4239 istros,
837 4179 861 4232 t.
876 4174 930 4240 παρ’
943 4171 1037 4238 declus
1055 4173 1085 4218 τὶ
1101 4175 1204 4218 πλεῖστα
1222 4171 1324 4225 doceor·
1366 4162 1405 4218 At
1429 4169 1454 4220 si
1478 4167 1554 4234 ejus·
1634 4159 1638 4166 ’

121 4284 203 4340 modi
217 4283 365 4336 hominum
383 4282 542 4334 testimonia
559 4281 588 4328 in
607 4291 638 4327 re
655 4286 712 4330 tam
724 4281 805 4346 gravi
828 4271 934 4343 aliquid
954 4271 1059 4336 velent,
1083 4279 1144 4322 turn
1163 4259 1323 4320 mehercule
1341 4273 1404 4328 spes
1423 4274 1482 4328 est,
1499 4281 1552 4318 noe

122 4404 157 4440 eo
174 4379 323 4452 aliquando
345 4386 546 4448 perventuros,
570 4383 601 4425 ut
626 4369 773 4442 Orpheum
800 4389 850 4428 sua
874 4391 890 4426 a
914 4371 996 4426 Mose
1021 4369 1141 4438 ollisque
1166 4355 1376 4421 Abrsbrmldlsr
1398 4350 1556 4414 Homerum

121 4501 172 4536 stra
191 4477 226 4534 ab
243 4475 376 4546 Orpheo,
393 4473 427 4528 ab
445 4475 571 4530 Homero
587 4475 659 4528 alios
673 4491 727 4529 sua
741 4471 895 4538 derivasse,
912 4479 955 4536 et,
982 4469 1008 4522 sl
1025 4457 1117 4522 Musis
1128 4463 1242 4535 placat,
1264 4456 1448 4564 epseripu'sse,
1464 4458 1556 4514 etderu

120 4581 229 4636 auctori
245 4573 450 4632 secredsnust!

301 4656 309 4680 0

1108 4670 1157 4775 aa¹
