4168 5886
1294 406 1317 474 2
1383 413 1388 422 .

594 673 708 718 eorum
741 652 900 738 rationem
927 663 961 718 et
989 663 1141 717 naturam
1169 649 1365 736 errantique
1393 651 1551 718 memoria
1572 663 1605 717 et
1625 652 1824 722 involucris
1853 653 1967 722 fabul

592 810 730 875 quarum
751 809 905 876 magnam
927 791 1053 876 copiam
1076 811 1154 854 cana
1176 785 1332 851 Graeciae
1356 799 1499 853 vetustas
1520 787 1559 852 ad
1573 765 1635 854 'itta
1654 801 1826 880 tempora
1857 807 1967 858 tram

592 937 659 1008 ret,
680 927 851 1013 exquirere
871 925 941 992 fere
961 925 1182 1014 negligebant:
1211 935 1306 1009 atque
1329 923 1414 989 haud
1436 925 1521 1006 scio,
1542 948 1584 990 an
1606 927 1769 1011 majorem
1800 929 1918 1000 illinc
1949 951 1967 994 ι

590 1073 660 1130 tern
686 1063 881 1150 uberiusque
909 1065 1181 1140 emolumentum,
1221 1060 1307 1146 quod
1336 1061 1467 1147 quidem
1495 1062 1535 1127 ad
1565 1064 1651 1129 vitae
1678 1087 1806 1145 usum,
1857 1087 1967 1151 quen

589 1201 703 1266 seculis
725 1211 816 1265 tanto
837 1199 943 1266 studio
964 1199 1178 1279 sectabantur,
1197 1197 1348 1264 conferre
1363 1200 1529 1286 potuisset,
1552 1201 1708 1288 ceperint,
1727 1224 1847 1288 quarn
1872 1202 1967 1266 hinc

591 1359 695 1422 qnamv
716 1337 842 1424 'capturi
870 1335 1015 1403 inissent.
1056 1338 1226 1403 Praeterea
1247 1359 1290 1402 ne
1317 1335 1524 1404 mediocriter
1554 1336 1685 1424 quidem
1708 1338 1762 1404 illa
1792 1345 1898 1404 aetas
1927 1362 1967 1404 vt

538 1469 541 1476 ’
590 1485 659 1538 erat
687 1485 720 1538 et
746 1475 917 1540 exercitata
945 1443 990 1540 in·
1004 1473 1053 1540 his
1081 1473 1179 1538 rebus
1206 1473 1396 1555 tractandis,
1433 1485 1548 1561 utpote
1579 1497 1659 1561 quae
1680 1475 1832 1540 solutam
1855 1475 1967 1540 oratic

509 1623 517 1632 ‘
587 1597 828 1696 facilioremque
848 1611 1010 1676 scribendi
1030 1633 1128 1676 usum
1149 1611 1209 1676 vix
1231 1623 1346 1676 natum
1367 1611 1512 1692 viderat,
1545 1609 1685 1676 necdum
1708 1614 1817 1698 plane
1842 1611 1967 1700 depos

586 1747 765 1826 rationem,
787 1769 849 1832 qua
872 1749 981 1811 omnia
1002 1747 1041 1810 ad
1060 1748 1190 1832 pulchri
1213 1765 1346 1810 sensum
1367 1765 1524 1809 revocare
1545 1747 1649 1810 solent
1672 1747 1816 1834 politae,
1850 1771 1967 1835 parur

537 1859 555 1922 Ι·
589 1880 894 1964 assuefactajudicii
915 1883 1004 1947 vict
1027 1881 1217 1962 subtilitate,
1239 1865 1303 1967 qua
1325 1881 1422 1946 unice
1443 1901 1527 1969 opus
1549 1894 1597 1948 est
1617 1882 1653 1947 in
1673 1883 1772 1950 rebus
1798 1884 1967 1954 historici

590 2039 716 2106 exque
739 2017 845 2084 virtus
868 2040 980 2084 rerum
1001 2017 1168 2106 scriptoris
1190 2017 1360 2106 inprimis
1384 2017 1581 2086 aestimanda
1602 2019 1742 2087 videtur.

674 2289 886 2378 Quapropter
908 2288 989 2359 nihil
1009 2303 1068 2373 est,
1089 2291 1177 2378 quod
1197 2291 1367 2374 miremur,
1390 2314 1448 2358 cur
1468 2306 1606 2378 veteres,
1626 2305 1677 2361 tot
1698 2292 1864 2379 tantisque
1884 2291 1967 2358 diffit

582 2384 727 2497 inritus:
704 2408 893 2520 ηἷιιιζιειιίῑί,
914 2427 1072 2510 ejusmodi
1093 2429 1313 2495 subtilioribus
1337 2430 1645 2516 disquisitionibus
1636 2429 1807 2500 nnmoreri
1828 2429 1884 2496 vel
1905 2429 1967 2496 nol

550 2567 715 2688 ...triptzu
677 2567 734 2632 ,tel
754 2586 821 2630 non
842 2565 1019 2651 potuerint.
1060 2571 1138 2635 Huc
1159 2565 1297 2649 accedit,
1323 2567 1409 2653 quod
1432 2570 1529 2656 primi
1551 2593 1664 2638 rerum
1687 2572 1891 2638 Graecarum
1913 2593 1967 2636 scr

408 2763 418 2780 .
578 2690 694 2808 :loica
713 2701 828 2828 quibus
848 2699 959 2785 judicii
980 2703 1030 2769 vis
1053 2703 1138 2768 baud
1159 2703 1277 2784 deerat,
1297 2725 1378 2791 prae
1398 2727 1532 2772 suorum
1554 2681 1742 2796 temporum
1763 2709 1887 2796 ingenti
1904 2711 1967 2796 splt

419 2825 442 2875 ⁰⁶⁰
581 2784 695 2902 iiiia
685 2846 728 2902 et
734 2838 920 2906 celebritate
909 2839 1072 2938 libenter
1089 2841 1364 2906 obliviscebantur
1387 2845 1582 2930 antiquitatis
1603 2868 1688 2926 suae,
1708 2857 1741 2911 ct
1758 2845 1967 2930 quaestiuncu

591 2997 668 3040 rum
686 2975 724 3040 de
738 2977 881 3059 cujusvis
898 2977 976 3041 artis
992 2977 1192 3062 primordiis.
1223 2975 1405 3041 Patefactus
1420 2981 1459 3043 iis
1473 2992 1543 3046 erat
1556 2979 1828 3066 splendidissimus
1840 2981 1890 3044 ille
1908 2982 1967 3046 bist

590 3114 657 3179 riae
678 3111 866 3180 scribendae
890 3133 1041 3198 campus,
1062 3112 1101 3177 in'
1118 3132 1184 3199 quo
1205 3124 1237 3176 et
1257 3112 1425 3199 ingenium
1447 3123 1666 3194 ostentarent,
1692 3124 1725 3178 et
1744 3111 1893 3199 judicium
1913 3139 1967 3185 exc

591 3261 718 3328 serent,
740 3259 772 3312 et
793 3224 897 3314 artem
917 3248 1112 3335 proderent;
1137 3242 1346 3335 quambrevi
1368 3261 1520 3338 tempore
1542 3247 1581 3314 ad
1600 3249 1904 3337 tantumfastigium
1926 3279 1967 3320 en

594 3397 732 3467 rerunt,
768 3398 806 3450 ut
832 3387 970 3472 posteris
1001 3387 1113 3452 seculis
1145 3386 1204 3452 vix
1231 3385 1347 3472 aliquid
1372 3385 1548 3501 perfectius
1570 3385 1795 3454 elaborandum
1813 3389 1967 3474 reliquerit

593 3524 659 3608 Qui
681 3543 761 3586 vero
782 3524 956 3609 scriptores
978 3523 1044 3606 jam
1064 3536 1156 3589 antea
1177 3525 1213 3588 r'n
1236 3524 1433 3610 antiquitatis
1456 3495 1570 3590 fabulis
1588 3545 1606 3586 e
1625 3535 1790 3609 poetarum
1814 3526 1967 3593 carminib

594 3657 777 3748 colligendis
803 3670 835 3724 et
862 3659 1049 3726 ordinandis
1077 3663 1224 3749 occupati
1244 3673 1355 3741 erant,
1391 3659 1432 3740 ii,
1462 3659 1578 3746 quia
1558 3659 1617 3726 vix
1639 3658 1776 3728 fabulam
1795 3661 1830 3729 ab
1851 3637 1967 3742 historil

593 3792 679 3862 sacto
702 3795 888 3884 dignoscere
918 3796 1088 3878 callebant,
1121 3810 1154 3864 et
1175 3799 1348 3864 historicae
1376 3797 1503 3861 critices
1531 3795 1601 3862 fere
1629 3809 1776 3884 expertes
1805 3812 1902 3880 erant,
1937 3763 1967 3882 vl

594 3931 683 4018 digni
702 3933 831 4015 judicati
848 3947 939 4016 sunt,
961 3936 1015 4022 qui
1033 3935 1262 4002 historicorum
1285 3934 1485 4018 scriptorum
1501 3931 1634 3996 nornine
1651 3933 1879 4018 appellarentur.
1918 3939 1967 4010 Ut

594 4089 668 4134 nam
701 4092 815 4136 omnes
844 4069 984 4152 subulae,
1020 4071 1216 4156 errantique
1244 4067 1402 4134 memoria
1430 4081 1642 4158 propagatae,
1679 4069 1754 4134 tales
1778 4070 1812 4134 ad
1835 4093 1889 4136 nos
1913 4097 1967 4162 per

494 4217 496 4224 ’
596 4209 780 4290 venissent,
811 4209 920 4294 quales
941 4209 1024 4274 illius
1052 4209 1123 4272 aevi
1144 4207 1293 4272 sedulitas
1319 4208 1508 4293 collegerat,
1540 4202 1774 4290 colligendaeve
1795 4206 1820 4272 ei
1840 4208 1967 4292 patebant

595 4347 736 4434 integras
757 4346 829 4414 dico
851 4359 883 4412 et
903 4321 1124 4428 incorruptas,
1144 4341 1284 4406 necdum
1307 4341 1539 4406 contaminatas
1559 4337 1636 4405 suco
1655 4343 1841 4428 sequentium
1857 4348 1967 4435 scripto

597 4508 694 4568 rum,
718 4485 773 4572 qui
793 4505 917 4550 nexum
940 4480 1132 4546 historicum
1152 4475 1374 4546 ratiocinando
1393 4475 1513 4572 ubique
1532 4476 1742 4544 inlarserunt.
1966 4503 1967 4560 ι
