4168 5872
783 505 786 516 ·
811 482 885 556 155

706 597 990 616 ...ιι-ι..-

127 727 187 792 scd
209 730 314 796 solum
336 730 460 798 fabulas
482 731 653 819 quasdam,
685 753 762 820 quas
785 757 804 800 a
824 736 893 798 vici
915 737 1053 800 Ascraei
1073 733 1176 818 vrrlgo
1195 747 1379 822 acceperat,
1408 733 1558 824 versibus
1665 757 1667 765 ’

127 869 328 934 erran·avit'’.
380 871 456 960 Quo
478 869 670 954 injudicio,
704 873 764 938 eui
787 873 885 938 nimis
907 872 1041 954 acerbo,
1077 885 1187 938 tamen
1216 871 1298 937 bene
1325 883 1374 936 eet
1402 869 1559 938 observa-

127 1013 219 1085 tum,
252 1006 434 1072 Hesiodum
460 1009 641 1096 genuinum
674 1009 869 1096 mytborum
898 1033 1032 1078 aeneum
1063 1033 1130 1076 non
1160 1021 1370 1098 perspectum
1394 1007 1561 1088 habuisae3

130 1112 215 1227 auae
246 1145 400 1210 securitas
430 1147 459 1214 ei
485 1169 566 1212 cum
592 1147 742 1213 Homero
772 1150 955 1214 communia
978 1161 1036 1214 est.
1088 1129 1277 1236 Atque-hic
1296 1147 1391 1236 plura
1410 1147 1560 1233 exempla

129 1280 277 1346 maxime
295 1283 516 1351 memorabilia
536 1284 630 1350 nobis
650 1286 811 1369 serravit,
846 1309 988 1374 quorum
1011 1287 1243 1352 accuratiorem
1265 1285 1484 1372 cognitionem
1506 1305 1560 1349 sa·
1617 1335 1620 1342 .

131 1415 345 1486 luberrimam
370 1411 454 1486 duco
478 1421 661 1488 adranam
682 1424 870 1510 antiquioris
890 1417 998 1511 poesia
1022 1424 1164 1490 indolem
1186 1421 1454 1513 perspiciendam.
1505 1419 1574 1485 Dc'

130 1556 265 1642 gemino
287 1558 446 1640 Hercule,
474 1527 573 1646 quein
594 1560 762 1628 Homerus
785 1573 818 1626 et
839 1562 924 1650 apud
947 1585 1100 1649 superos,
1131 1573 1165 1627 et
1183 1560 1272 1650 apud
1290 1557 1413 1626 inferos
1435 1557 1560 1626 versari

131 1691 210 1760 dicit
217 1742 228 1776 ,
260 1718 314 1760 res
342 1709 420 1762 nota
447 1707 511 1774 σοις
546 1695 632 1784 apud
663 1695 786 1766 inferos
817 1709 867 1764 est
897 1699 1048 1765 Herctdia

301 1833 456 1904 εἴδωλον·
492 1828 593 1912 αὖτίς
621 1835 657 1904 δὲ
684 1828 759 1926 μετ’
779 1828 985 1906 ἀθανάτοισι
1012 1845 1124 1905 θεοῖσι

301 1945 460 2032 τέρπεται
488 1954 525 2018 ἰν
552 1951 680 2042 θαλίῃς
686 1999 699 2032 ,
731 1952 788 2019 ecl
820 1957 886 2041 ἔχει
914 1951 1140 2037 καλλίσφυρον
1162 1941 1298 2032 Ἥβην.

302 2060 407 2128 auido
435 2053 513 2138 Διὸς
541 2055 703 2151 μεγάλοιο
731 2066 786 2130 καί
807 2061 922 2154 Ἤρης
946 2058 1185 2155 χρυσοπεδίλου
1204 2057 1269 2136 ³⁹).

130 2187 318 2260 Hominum
346 2218 485 2284 corpora
512 2200 613 2286 vulgo
638 2199 724 2286 apud
754 2205 939 2269 Homerum
969 2189 1092 2274 adroic
1120 2192 1248 2272 vocari,
1286 2191 1408 2256 animas
1443 2201 1562 2273 autem,

133 2329 327 2414 corporibus
348 2336 485 2418 solutas,
513 2335 631 2404 εἴδωλα
653 2328 854 2424 καμόντων,
886 2337 939 2404 vel
960 2335 1055 2425 pueri
1082 2327 1188 2398 sciunt
1209 2325 1274 2417 ⁴⁰).
1329 2328 1379 2395 At
1405 2328 1469 2394 hoc
1490 2329 1562 2394 loco

133 2465 313 2551 Hercules,
343 2472 472 2538 mortali
493 2492 633 2560 corpore
658 2485 776 2540 exutus
799 2486 832 2540 et
852 2473 940 2539 inter
964 2472 1040 2537 deos
1061 2481 1231 2556 receptur,
1254 2461 1354 2544 odric
1373 2471 1563 2557 appellatur.

134 2601 210 2668 lam
236 2587 404 2692 ‘quomodo
432 2609 511 2678 baec
539 2610 627 2675 inter
655 2631 690 2675 ac
717 2607 925 2675 conciliabis?
977 2609 1054 2675 Hoc
1085 2617 1174 2670 certe
1196 2599 1411 2669 confiteamur
1432 2627 1563 2670 neccsse

134 2753 201 2822 est,
237 2755 303 2808 tam
337 2742 544 2812 manifestam
576 2768 690 2812 rerum
719 2745 970 2838 repugnantiam
1000 2767 1068 2810 non
1097 2741 1241 2831 potuisse
1259 2740 1312 2818 ,ab
1338 2763 1405 2806 uno
1433 2742 1564 2829 ingenio

133 2876 308 2966 proficisci.
337 2916 384 2936 -·
425 2884 584 2952 Herculea
606 2889 642 2952 in
665 2888 846 2975 antiquiore
865 2883 957 2973 poesi
978 2882 1059 2952 nihil
1077 2877 1161 2948 aliud
1185 2889 1271 2957 erat,
1301 2877 1365 2942 nisi
1387 2847 1563 2966 personifi-

135 3029 208 3082 cata
227 3017 361 3104 Virtus,
381 3043 463 3110 quae
484 3024 675 3092 immortalis
700 3038 765 3109 est,
788 3037 838 3107 et,
865 3041 1004 3112 corpore
1023 3019 1174 3102 mortuo,
1194 3013 1234 3080 ad
1256 3013 1333 3080 deos
1352 3013 1447 3082 redit.
1488 3015 1564 3082 Hoc

208 3303 256 3372 ³⁹)
274 3306 330 3363 Od·
346 3318 390 3378 11,
407 3315 461 3372 601
477 3328 519 3382 eq.
565 3312 657 3382 Hujus
684 3313 743 3368 laci
769 3311 963 3379 interpretatio
987 3307 1044 3374 jam
1067 3313 1175 3357 vetarer
1199 3300 1282 3353 torsit
1307 3298 1345 3362 (r.
1373 3295 1503 3353 Crenaee.
1526 3299 1563 3354 ad

137 3405 198 3461 Cic.
214 3406 249 3458 de
264 3406 298 3460 tt.
317 3407 352 3460 D·
371 3411 397 3474 ³,
415 3413 458 3468 16.
485 3413 596 3477 p·551.‚
624 3408 751 3476 Symbol·
775 3412 809 3464 T.
817 3417 843 3469 1.
867 3424 894 3476 p.
904 3405 991 3468 456.);
1022 3403 1175 3467 inprimis
1201 3395 1362 3449 Platonicos
1386 3401 1563 3466 recentiores,

137 3509 191 3576 qai
206 3502 283 3558 bono
300 3503 424 3559 Homero
442 3505 566 3562 Platonis
585 3506 686 3576 dogma
704 3513 767 3566 rote.
792 3509 874 3569 cvxl.
900 3505 968 3562 touls
984 3499 1152 3555 tribuentur.
1187 3495 1325 3549 Lucienus
1344 3491 1441 3546 derisit
1456 3492 1568 3547 Home·
1595 3579 1597 3584 Ι

137 3621 212 3658 eum·
248 3602 292 3658 Cf.
308 3603 344 3658 de
359 3603 459 3658 eodem
478 3603 543 3656 loco
562 3607 650 3656 rarus
669 3608 870 3674 explicationes
887 3601 994 3670 Heynii
1009 3598 1131 3667 (Comm.
1148 3595 1225 3651 Gott.
1243 3594 1313 3654 Ta
1330 3590 1438 3660 p.57·)‚
1462 3589 1563 3646 Gillia-

137 3707 175 3756 αλλ
193 3701 270 3768 (hiet,
287 3699 336 3756 Gr·
355 3701 390 3755 T.
399 3711 425 3764 1·
442 3716 471 3769 p·
480 3701 553 3767 57.),
571 3702 682 3768 zoegae
700 3703 788 3768 (Diae.
806 3700 932 3768 11308),
957 3695 1115 3748 Halbkartii
1134 3692 1247 3756 (Psych.
1265 3689 1381 3740 Homer.
1398 3688 1564 3756 11109311),

137 3803 245 3856 Kanna
269 3797 405 3868 (Mythot.
428 3799 476 3856 Gr.
499 3807 561 3859 222.
584 3797 683 3851 Parth.
708 3815 735 3868 p.
744 3803 788 3856 25.
805 3793 878 3860 tt),
907 3787 1099 3868 nomentana
1120 3787 1212 3852 (Nova
1236 3783 1342 3835 Thror·
1366 3797 1392 3848 p·
1401 3787 1564 3849 ονε-181),

138 3903 242 3976 Rittcri
258 3899 409 3966 (Vorballe
427 3913 453 3966 p
462 3895 547 3963 363υ)
581 3897 689 3948 Verum
707 3893 776 3947 vidit
793 3887 944 3944 llerrireun.
961 3883 997 3938 ad
1016 3881 1114 3936 Creuz.
1132 3885 1160 3950 p.
1170 3887 1214 3940 10.
1243 3877 1281 3930 cl·
1297 3881 1341 3933 l'r.
1360 3877 1509 3932 Thierccb·
1526 3877 1561 3933 de

139 4003 208 4058 Hes.
226 4007 322 4070 ρ..,1λ
346 3997 383 4056 O.
400 3998 531 4052 Mueller.
548 3997 617 4050 Dor.
637 3997 706 4056 T1.
724 3995 821 4061 pmttt

211 4120 259 4187 4ο)
277 4121 399 4176 vern
420 4131 448 4186 1
466 4127 492 4183 3
516 4135 569 4177 ,10
596 4125 702 4191 [οδε.
726 4115 761 4170 da
785 4111 894 4168 obelis·
917 4125 946 4177 p·
939 4109 1020 4167 ·300·
1043 4129 1080 4148 -·
1122 4087 1240 4156 Diversa
1263 4117 1377 4168 prorsus
1401 4111 1562 4156 riostmruru

140 4217 378 4289 pliilosopborum
400 4229 441 4270 ert
459 4223 546 4286 ratio,
572 4235 626 4288 qua
644 4220 768 4272 animum
785 4213 950 4282 pronomina
968 4205 1028 4276 Ego
1045 4199 1214 4272 imbiberis)
1232 4198 1499 4266 deeirrareroleu13
1527 4197 1588 4252 dat

138 4334 259 4386 corpore
282 4315 608 4406 autem‚taroquan1dc
632 4329 663 4368 re
681 4327 759 4369 extra
783 4330 813 4367 aa
839 4313 944 4382 posita,
961 4305 1124 4371 loquuntur·
1159 4295 1230 4350 Cum
1250 4295 1375 4362 Homero
1392 4293 1462 4350 lacit
1478 4297 1563 4366 virg

139 4413 213 4469 Aen·
231 4415 337 4478 &362
353 4415 417 4472 365
434 4416 497 4472 370.
522 4411 560 4466 ci.
578 4411 749 4479 Ecpbantem
767 4409 977 4477 Pythagoreum
996 4415 1040 4469 ap·
1032 4395 1195 4470 ·Porpltyr
1214 4394 1248 4448 dc
1266 4392 1336 4447 ibat·
1354 4397 1379 4460 1,
1389 4401 1439 4454 10.
1464 4400 1563 4462 9379·

138 4509 359 4579 forgerolln-
399 4505 545 4560 Caeterum
569 4508 708 4576 duplicem
731 4501 869 4568 abitrum,
899 4502 1010 4572 qualem
1027 4497 1169 4550 Horuerur
1192 4493 1310 4547 Herculi
1326 4489 1440 4558 tribuit,
1468 4490 1561 4547 Grou-

137 4607 218 4663 irndt
240 4619 352 4676 quoque
369 4613 507 4668 statuunu
532 4621 558 4658 v·
582 4603 680 4660 crana
704 4603 812 4658 litator·
837 4601 937 4660 Groui.
963 4599 998 4655 Τ.
1011 4605 1038 4659 1.
1063 4610 1092 4664 p·
1105 4597 1167 4652 157.

1098 4719 1169 4796 *20
