4168 5872
1096 435 1098 442 ,
1192 366 1316 446 136’

603 626 717 711 Quum
743 645 786 688 ex
816 623 853 688 iia
877 609 1092 706 carminibus,
1125 635 1208 702 quae
1235 614 1362 680 Graeca
1393 617 1565 704 antiquitas
1595 618 1688 686 nobis
1724 617 1783 684 sub
1820 617 1953 706 Orphei

519 762 653 826 nomine
679 761 873 838 transmisit,
907 757 1042 822 omnino
1069 773 1138 820 non
1166 753 1270 839 possit
1297 755 1419 842 colligi,
1452 777 1611 841 quaenam
1641 779 1719 822 vera
1752 769 1784 820 et
1809 757 1953 850 genuina

522 898 687 984 Orphicae
710 899 831 982 poesis,
864 894 991 980 qualem
1015 902 1091 956 ante
1112 902 1251 955 aetatem
1272 891 1488 958 Homericam
1508 895 1592 959 circa
1615 895 1802 986 Olympum
1823 906 1856 958 et
1877 891 1951 958 He-

519 1037 658 1104 liconem
690 1033 837 1098 floruisse
866 1037 1013 1118 oportet,
1044 1039 1159 1093 natura
1188 1039 1222 1092 et
1247 1027 1370 1094 indoles
1404 1029 1524 1109 suerit3
1547 1005 1657 1097 ¹facile
1686 1043 1840 1119 apparet,
1874 1032 1950 1117 quid

524 1172 719 1240 difficultatis
733 1169 884 1256 'adeoque
905 1166 1069 1234 molestiae
1090 1164 1350 1232 exitamieudum
1371 1167 1413 1232 sit
1435 1167 1481 1248 ei,
1503 1169 1559 1253 qui
1581 1169 1665 1236 lianc
1684 1191 1756 1234 rem
1778 1190 1953 1256 exponen-

526 1311 600 1374 dam
632 1309 693 1377 sibi
720 1307 904 1395 sumpserit.
961 1307 1045 1370 Sunt
1074 1323 1154 1368 vero
1185 1304 1270 1370 iuter
1293 1302 1519 1391 Orpbicorum
1543 1301 1724 1372 carminum
1748 1306 1953 1392 farraginem,

526 1471 608 1534 quae
634 1461 667 1512 et
691 1447 732 1513 ad
752 1447 914 1534 lyricum,
946 1454 979 1508 et
1002 1441 1042 1506 ad
1064 1439 1275 1522 didacticum,
1309 1454 1342 1506 et
1363 1442 1401 1506 ad
1425 1444 1555 1530 epicum
1584 1467 1686 1532 genus
1710 1446 1894 1544 pertineant
1915 1443 1953 1530 ¹).

409 1557 416 1564 ¹
524 1587 648 1673 Lyrira
680 1598 714 1651 et
741 1583 896 1652 didactica
925 1581 1070 1647 carmina
1095 1577 1136 1648 ab
1165 1580 1237 1667 ipso
1269 1577 1409 1668 Orpheo
1439 1594 1564 1646 cantata
1595 1605 1680 1664 esse,
1715 1605 1819 1670 quum
1833 1597 1900 1670 'per
1921 1606 1954 1647 se

525 1724 691 1812 probabile
723 1735 789 1803 est,
826 1735 899 1786 tum
930 1717 1126 1805 antiquitatis
1162 1737 1337 1799 consensus
1375 1717 1478 1784 docet.
1534 1721 1597 1786 Per
1629 1743 1664 1784 se
1696 1719 1863 1808 probabile
1899 1736 1953 1800 est,

527 1817 680 1947 qnoniam
701 1862 804 1926 nostri
825 1858 947 1966 lngqnii
969 1856 1092 1922 indoles
1111 1855 1267 1934 declarat,
1300 1853 1488 1937 homiuem,
1518 1857 1711 1944 simulatque
1733 1857 1771 1924 ad
1796 1861 1953 1925 culturam

528 2001 628 2063 animi
661 1996 821 2085 prolicere
855 1996 1017 2083 coeperit,
1058 2007 1091 2060 et
1126 1993 1221 2079 louge
1253 2015 1288 2058 se
1317 2013 1417 2082 supra
1454 1997 1626 2062 animalem
1659 2009 1809 2084 astruam
1839 2001 1957 2066 elatum

529 2135 811 2214 animadverterit,
851 2157 926 2200 suos
958 2133 1058 2221 ipsius
1089 2135 1191 2203 animi
1221 2155 1333 2202 sensus
1364 2133 1472 2200 verbis
1504 2135 1691 2220 exprimere
1722 2147 1755 2200 et
1788 2157 1866 2200 mm
1890 2135 1954 2200 aliis

532 2274 773 2341 communicare
801 2272 978 2357 gandere-
1009 2272 1122 2357 Quum
1153 2295 1235 2338 vero
1265 2273 1376 2358 aliquis
1400 2295 1475 2336 suos
1503 2272 1603 2358 ipsius
1632 2273 1740 2338 animi'
1759 2295 1871 2340 seusus
1889 2275 1955 2338 elo·

532 2413 659 2498 quitur,
697 2432 766 2474 non
797 2419 846 2472 est
875 2407 1070 2489 obscurum,
1108 2429 1182 2474 eum
1210 2409 1315 2496 lyrica
1344 2409 1441 2495 loqui.
1499 2411 1610 2497 Quam
1637 2407 1730 2476 facile
1753 2430 1830 2475 vero
1848 2412 1953 2496 poesis

532 2550 636 2636 lyrica
656 2539 690 2612 iu
712 2525 919 2624 tlidacticam,
952 2520 1073 2632 quippe
1096 2567 1177 2632 quae
1200 2547 1270 2632 ipsa
1291 2546 1486 2631 subjectiva,
1518 2559 1556 2614 ut
1581 2548 1642 2612 hac
1669 2560 1864 2649 vocentar,
1900 2557 1955 2626 est,

507 2648 813 2763 nannenten,
845 2683 1047 2786 quinimmo
1075 2683 1201 2769 saepius
1222 2702 1298 2748 cum
1321 2706 1358 2748 ea
1382 2685 1554 2766 coalescat,
1588 2687 1647 2752 vix
1676 2697 1745 2767 est,
1777 2686 1863 2772 quod
1884 2707 1955 2750 mo-

534 2845 639 2890 neam.
693 2821 747 2886 De
769 2819 866 2908 epicis
890 2833 998 2889 autem
1017 2819 1231 2901 carminibus,
1264 2841 1346 2907 quae
1368 2820 1497 2909 Orphei
1516 2817 1640 2887 riomen
1668 2845 1748 2910 prae
1776 2847 1812 2888 se
1843 2823 1957 2902 lerunt,

534 2966 602 3046 jam
624 2983 721 3047 supra
741 2957 906 3045 professus
931 2981 1023 3039 sum,
1055 2981 1092 3032 ea
1114 2959 1276 3030 seriorum
1300 2971 1489 3046 temporum
1510 2959 1683 3026 temeritati
1706 2958 1834 3026 deberit
1867 2963 1958 3049 atque

449 3111 453 3114 “
534 3100 570 3162 in
592 3097 652 3162 hac
673 3095 830 3160 sententia
850 3069 1004 3182 persisto,
1034 3094 1256 3179 antiquiorum
1274 3105 1445 3162 auctorum
1464 3096 1657 3163 testimoniis
1677 3095 1788 3164 fretus.

620 3368 743 3455 Ibycus
773 3341 973 3456 Rheginos,
991 3380 1087 3455 poeta
1108 3369 1250 3454 lyriotts,
1286 3373 1342 3457 qui
1372 3371 1427 3438 diu
1455 3384 1531 3438 aute
1559 3372 1829 3455 Onomacritum,
1854 3387 1881 3440 'a
1901 3397 1958 3463 quo

535 3527 649 3570 rerum
678 3503 901 3591 Orplticarum
930 3527 1041 3570 osores
1074 3524 1207 3572 omnem
1236 3509 1353 3593 poesin
1382 3511 1563 3596 Orplticam
1592 3509 1773 3596 prolectam
1803 3535 1872 3578 esse
1901 3536 1960 3576 vo-

467 3731 471 3738 ·
536 3629 624 3722 lunt,
645 3641 746 3721 vixit,
762 3641 950 3730 ‘Orpheum
972 3641 1258 3712 celebratissimum
1282 3657 1413 3752 poetam
1438 3660 1550 3728 vocati
1582 3647 1785 3735 euttdemque
1805 3648 1960 3717 Pindarus

534 3777 935 3884 laudatissimumlyricse
954 3781 1060 3869 poesis
1082 3792 1211 3869 patrem
1235 3778 1442 3872 (pappewrda
1462 3761 1581 3853 dotd'riv
1604 3785 1753 3883 ascripta,
1785 3781 1961 3876 ariolamur

1819 3919 1960 4016 Ὀρφέα)

606 4155 637 4228 ¹)
655 4161 762 4216 Mirum
780 4179 862 4256 sane,
890 4171 920 4218 nt
938 4161 1101 4236 Orpheum,
1129 4173 1233 4238 quippe
1252 4187 1335 4240 quem
1353 4177 1383 4226 in
1401 4174 1456 4228 altri
1473 4180 1566 4228 omitia
1585 4175 1777 4246 distraxerint,
1804 4177 1841 4230 ad
1858 4179 1962 4234 dram-

533 4263 616 4310 tieam
649 4265 732 4312 etiam
758 4267 856 4329 poesin
880 4265 1058 4330 conjecerim.
1110 4265 1147 4318 At
1180 4284 1262 4336 rare,
1297 4287 1333 4322 ne
1356 4271 1411 4324 hoe
1436 4286 1602 4342 extorqueas
1630 4274 1823 4341 eNieephori
1848 4275 1963 4346 Gregor-

530 4355 598 4436 bist.
618 4353 926 4432 Byz.·10.p.289.ed.
946 4359 1064 4413 belrius
1093 4363 1144 4414 tir«
1162 4369 1199 4424 aar
1217 4367 1259 4420 sta
1277 4359 1370 4435 rigatae
1387 4373 1410 4419 ts
1427 4375 1560 4437 ηιῃδίικ
1578 4373 1677 4432 ittarta.
1712 4369 1787 4440 Lege
1814 4383 1909 4426 totum
1924 4373 1963 4425 lo·

531 4467 611 4518 otim,
640 4465 668 4510 et
697 4451 817 4548 videbis,
846 4457 991 4526 quomodo
1014 4457 1084 4512 haec
1111 4461 1290 4534 intelligenda
1315 4472 1379 4524 siut.
