4168 5872
731 483 738 489 '
836 482 912 560 123

240 730 406 822 Quantam
427 695 498 814 rim
519 729 730 798 Doriensium
752 729 884 812 turbae,
919 750 980 818 per
1004 715 1107 804 totam
1130 731 1199 800 lere
1221 733 1393 802 Graeciam
1414 742 1581 824 excitatae,

151 867 187 930 in
219 867 425 994 Graecorum
457 891 585 956 quoque
619 869 763 956 lingulam
797 867 1024 952 exercuerint,
1068 871 1163 960 longa
1196 873 1382 938 seculorum
1419 888 1581 945 vetustate

151 993 364 1070 obscuratum
392 1004 490 1072 hodie
517 1017 583 1087 est,
615 1025 722 1091 neque
746 1003 825 1090 ipsis
852 1004 933 1070 olim
961 1005 1211 1074 Graecis-caris
1231 1006 1374 1095 vestigiis
1404 1011 1581 1100 cognitum.

152 1139 302 1208 Achaeos
331 1154 364 1208 et
384 1163 498 1209 omnes
524 1143 662 1210 omnino
684 1142 902 1229 Peloponnesi
930 1141 1052 1208 incolas
1072 1155 1147 1210 ante
1168 1141 1416 1212 Heraclidamm
1437 1148 1579 1216 reditum

151 1276 213 1342 elio
235 1299 294 1344 ore
315 1279 464 1368 loquutus
492 1301 578 1361 csse,
617 1299 733 1383 quam,
764 1299 830 1364 quo
859 1289 973 1366 postea
994 1278 1044 1344 usi
1063 1291 1157 1359 sunt,
1189 1280 1330 1360 Dorico,
1358 1297 1486 1350 veteres
1508 1298 1579 1352 trs-
1679 1353 1700 1372 ,

150 1413 234 1479 dunt
252 1415 330 1502 ’ῆς
369 1419 469 1504 qualis
488 1428 600 1482 autem
620 1415 758 1504 pristina
776 1435 892 1497 corum
912 1415 1022 1502 lingna
1043 1413 1157 1497 fuerit,
1191 1416 1252 1503 ipsi
1270 1420 1437 1505 ignorasse
1458 1419 1577 1488 videu-

150 1561 215 1616 tur.
268 1551 410 1646 Epicum
430 1573 633 1646 sermonem,
669 1551 797 1636 qualem
823 1551 909 1638 apud
931 1551 1118 1617 Homerum
1140 1554 1381 1640 cognoscimus,
1416 1579 1483 1622 non
1505 1569 1580 1624 tra-·

148 1686 286 1754 ductum
303 1711 373 1756 esse
394 1713 437 1756 ex
457 1692 588 1778 antiqua
608 1686 745 1754 Graecia
766 1687 806 1752 ad
827 1687 926 1752 Asiae
950 1689 1058 1770 litora,
1078 1689 1133 1753 sed
1154 1690 1191 1754 in
1211 1711 1298 1756 nova
1316 1692 1420 1776 patria
1442 1693 1576 1762 demum

147 1821 342 1908 formatum,
386 1849 487 1915 quum
516 1827 653 1894 aliarum
680 1823 828 1910 gentium
859 1821 1028 1909 frequente
1055 1847 1117 1888 usu
1146 1836 1177 1888 et
1207 1827 1458 1910 consuetudine,
1492 1843 1574 1916 tum,

145 1963 220 2047 quia
249 1964 403 2046 donibus,
440 1967 475 2032 in
505 1933 621 2032 daiam
649 1959 943 2048 transmigratur-is,
977 1960 1086 2046 statim
1114 1959 1154 2024 ab
1183 1961 1275 2026 initio
1304 1984 1339 2026 se
1361 1963 1575 2053 adjungerent

144 2099 267 2184 Pelasgi
298 2100 432 2167 Arcadii
462 2115 497 2168 et
526 2101 732 2166 Euboeenses
749 2102 824 2184 ’Ὃς
864 2100 957 2180 satis,
987 2099 1025 2163 ist
1055 2069 1190 2182 optior,
1220 2097 1256 2160 iu
1288 2101 1396 2166 oculos
1425 2101 1573 2173 incurrit.

140 2233 176 2300 Si
211 2248 323 2300 autem
356 2237 445 2324 epica
466 2237 625 2302 ‘dialesius
653 2237 838 2301 cummunis
868 2235 1017 2301 omnium
1049 2233 1171 2298 Jonum
1208 2233 1429 2302 Asiaticorum
1464 2241 1574 2329 lingna

139 2369 320 2438 Homerica
348 2385 451 2438 aetate
475 2370 541 2438 'fuis
569 2373 640 2452 (cui
667 2373 845 2466 sentcntiae
874 2372 954 2439 nihil
985 2382 1073 2436 certe
1105 2367 1242 2452 obstat),
1258 2411 1259 2414 =
1276 2367 1370 2437 facile
1395 2387 1444 2440 est
1474 2377 1574 2445 irrtel-

139 2508 243 2589 lectu,
278 2519 479 2595 quantopere
507 2527 569 2587 ea,
602 2517 717 2592 utpote
743 2529 825 2593 qnae
860 2509 935 2572 satis
971 2509 1112 2572 multum
1141 2505 1263 2588 antiqui
1293 2507 1421 2574 roboris
1447 2529 1569 2598 servet,

140 2655 295 2730 sequente
323 2666 406 2710 aevo
436 2640 615 2716 diffluxerit
644 2652 677 2705 et
704 2643 796 2728 quasi
828 2640 1013 2709 effeminata
1041 2641 1092 2706 sit.
1150 2639 1224 2704 Jam
1255 2661 1336 2706 vero
1365 2647 1392 2710 si
1426 2645 1466 2710 ab
1493 2650 1570 2715 Ho.

138 2781 258 2846 marica
288 2792 391 2847 aetate
427 2779 463 2845 in
501 2778 684 2870 antiquiora
722 2777 925 2844 ascendimus
959 2789 1129 2868 tempora,
1175 2775 1290 2862 quibus
1325 2775 1450 2860 Graeca
1484 2786 1571 2851 natio

137 2917 286 2983 nondum
322 2917 454 3002 disjecta
495 2926 565 2980 erat
599 2915 635 2980 in
670 2913 904 2980 diversissimas
933 2927 1040 2980 terrae
1071 2923 1198 2999 partes:
1244 2933 1341 2998 quam
1366 2917 1503 3004 plenum
1533 2893 1569 2989 at

137 3055 284 3120 validum
312 3053 412 3122 fuisse
443 3049 625 3116 verborum
650 3071 769 3118 sonum
798 3053 943 3139 oportet!
975 3051 1030 3137 qui
1059 3047 1191 3136 quidem
1223 3047 1399 3118 acrioribus
1425 3055 1577 3140 Graecis,

134 3191 195 3257 ubi
225 3190 388 3278 antiquior
421 3140 531 3275 lingula
566 3199 695 3252 servata
728 3169 816 3270 erat,
849 3187 1014 3253 horridior
1047 3198 1081 3251 et
1107 3185 1260 3253 incultior
1287 3186 1468 3256 videbatur.
1515 3195 1568 3262 Sic

136 3329 288 3396 mollibus
316 3325 478 3396 Herodoti
507 3323 638 3390 auribus
672 3325 902 3413 Pelasgorum,
933 3326 1019 3390 circa
1048 3323 1243 3428 Crestonem
1273 3314 1307 3386 et'
1336 3323 1476 3393 Placiam
1505 3330 1568 3396 ha-

136 3465 328 3546 bitantium,
356 3465 482 3552 lingua,
510 3442 640 3528 barbari
668 3456 744 3547 quid
771 3461 908 3528 sonabat
929 3460 991 3548 ³³).
1030 3431 1136 3526 'Hine
1162 3457 1253 3523 facile
1281 3461 1468 3545 oortjectura
1497 3464 1568 3536 lieri
1635 3529 1641 3534 .

207 3739 256 3812 ³¹)
271 3739 432 3811 Arriplron,
457 3736 594 3791 obscurus
611 3747 792 3807 caeteroquin
807 3727 911 3806 laomo,
936 3757 980 3808 ap.
998 3743 1116 3796 Paussn.
1134 3749 1161 3806 2,
1177 3747 1220 3810 37,
1237 3747 1263 3802 3.
1282 3763 1319 3784 ·-
1353 3741 1421 3796 Post
1440 3747 1564 3807 colonia

133 3839 247 3912 Ionicus
273 3845 303 3895 iu
330 3839 426 3894 Asiam
449 3846 634 3900 tramvectas,
678 3851 774 3887 omncs
798 3835 998 3901 Peloponnesii
1021 3844 1115 3901 augunt
1139 3837 1250 3903 loquuti
1275 3845 1354 3900 suut,
1383 3839 1428 3890 vel
1447 3847 1565 3910 aroana

132 3953 198 3990 uam
214 3949 331 4006 utruque
350 3933 484 3989 dialectos
503 3938 700 4004 cognitissima
725 3947 780 4001 est,
807 3945 835 3988 et
855 3937 947 4004 aragia
972 3935 1085 3986 nornine
1108 3947 1191 3999 quam
1216 3947 1247 3982 re
1271 3930 1484 4014 distinguenda:
1511 3958 1565 3996 nso

133 4033 249 4100 dubito,
276 4005 391 4106 uitrique⁴
413 4031 529 4085 eandem
548 4035 740 4100 antiquitatem
759 4036 911 4103 assignare.
960 4031 1025 4086 Nou
1052 4031 1118 4080 satis
1143 4037 1270 4080 accintus
1296 4027 1330 4081 de
1348 4030 1401 4083 huc
1428 4051 1458 4088 re
1475 4053 1566 4107 nuper·

134 4128 220 4184 varst
237 4130 305 4186 reat
323 4129 430 4186 uaria.
453 4107 599 4200 psa-'so-

205 4252 254 4322 η)
272 4257 327 4312 110.
346 4260 411 4310 nm
429 4269 495 4312 m
512 4257 558 4314 vel
574 4272 612 4310 ex
629 4271 688 4310 mro
705 4251 844 4307 Herodoti
861 4251 941 4316 leco,
966 4257 992 4316 i,
1008 4253 1070 4312 rto
1094 4247 1354 4317 &Mb-1²53·

205 4375 253 4446 ³³)
269 4378 336 4434 vtt.
362 4377 462 4449 squirs
486 4383 576 4436 Euat
600 4387 722 4450 p·179.,
748 4375 921 4434 Monboddo.
946 4374 981 4428 te
1006 4375 1078 4442 orig.
1102 4372 1172 4442 ling.
1198 4370 1232 4426 Τ.
1247 4380 1272 4431 1.
1290 4387 1319 4440 p.
1328 4376 1390 4436 417.
1406 4378 1563 4445 427429„

131 4473 240 4532 Manli.
264 4479 434 4545 1³128·32·,
461 4475 500 4532 0,
515 4479 645 4532 Mueller.
671 4479 740 4532 lior.
772 4477 806 4530 T·
816 4486 843 4537 1.
867 4477 931 4542 que·
959 4497 995 4514 -
1027 4469 1180 4539 Perperna
1201 4468 1327 4538 iudicant
1357 4469 1393 4526 de
1416 4471 1444 4528 le
1466 4475 1562 4531 Nauae

132 4573 221 4632 Min.
246 4573 281 4628 te
304 4572 416 4630 tmesi.
441 4577 526 4638 ma.
550 4569 979 4646 p.tiiuq·12o‚.esotiut·
1002 4567 1087 4629 'Mi-
1105 4570 1167 4635 no
1448 4591 1450 4596 ·

1094 4693 1163 4770 *16
