4168 5872
1205 422 1296 494 130¹

406 697 409 705 '
463 629 487 678 '¹
530 697 565 746 se
585 651 789 762 reoeperiut,
823 670 932 758 ibique
957 669 992 734 in
1019 677 1131 734 amoto
1160 685 1291 732 reoessu
1316 661 1455 751 posthac
1485 661 1766 738 commisserint:
1802 664 1975 750 quodnam

538 811 696 901 temporis
730 819 936 874 momentum
971 804 1064 877 huic,
1080 803 1128 868 rei
1157 799 1431 868 accommodatius
1467 822 1538 866 esse
1567 811 1694 888 potest,
1732 822 1831 888 quam
1860 804 1975 889 ipsum

539 949 616 1017 illud
646 913 867 1013 effloresceute
896 943 1026 1010 heroica
1057 951 1160 1006 aetate
1188 959 1403 1027 suppressum
1433 937 1642 1024 Pelasgorum
1679 938 1879 1026 imperium?
1927 941 1974 1004 At

541 1105 610 1152 non
638 1106 706 1150 uno
734 1082 912 1169 eodemque
933 1093 1085 1166 tempore
1111 1097 1230 1164 magna
1259 1075 1311 1142 illa
1341 1073 1429 1140 natio
1454 1074 1542 1140 victa
1571 1085 1604 1140 et
1624 1073 1757 1154 sulmota
1777 1087 1836 1140 est.
1892 1077 1973 1141 Plu-

540 1245 595 1288 res
624 1220 726 1288 libere
753 1219 868 1308 agendi
895 1227 1089 1304 potestatem
1111 1213 1318 1278 retinuerunt
1337 1233 1439 1298 usque
1461 1211 1499 1276 ad
1521 1211 1731 1278 Doriensium
1753 1212 1972 1298 migrationes,

543 1369 591 1439 et,
612 1379 693 1444 quae
713 1379 766 1422 res
787 1356 883 1442 paulo
904 1365 979 1418 ante
1000 1323 1132 1430 subidit,
1154 1348 1193 1414 ad
1216 1347 1367 1428 Thebas,
1396 1348 1634 1436 Pelasgicorum
1656 1369 1825 1414 sacrorum
1847 1373 1971 1416 caecam

525 1479 671 1574 'sedem
702 1516 720 1558 a
748 1493 877 1560 Boeotis
897 1489 1020 1558 Aeoliis
1043 1509 1102 1554 suo
1134 1485 1273 1574 imperio
1300 1484 1461 1570 subjectas
1484 1483 1549 1570 ⁵⁸).
1590 1485 1703 1572 Quid?
1736 1487 1823 1574 quod
1847 1489 1971 1554 nullum

543 1630 791 1718 mysteriorum'
800 1603 985 1694 institutum
1006 1625 1056 1692 his
1076 1623 1281 1713 temporibus
1302 1633 1410 1710 potest
1439 1624 1601 1710 posterius
1625 1644 1711 1706 esse,
1742 1625 1818 1710 quia
1839 1625 1970 1712 posthae

545 1767 627 1834 nihil
654 1742 793 1854 amplius
820 1765 1021 1864 reperimus,
1060 1762 1148 1848 quod
1176 1759 1294 1846 origini
1324 1779 1439 1824 eorum
1471 1749 1595 1826 ansam¹
1612 1761 1807 1848 praebuerit.
1862 1763 1971 1846 Quid?

548 1903 635 1990 quod
658 1902 765 1968 nullus
787 1919 921 1980 eormn,
959 1853 1075 1985 quide
1104 1894 1362 1962 eorutantissima
1392 1893 1602 1964 Graecorum
1626 1896 1711 1964 lama
1738 1899 1970 1986 mysteriorum

548 2051 696 2104 auctores
717 2038 816 2126 vulgo
836 2035 1029 2118 traduntur,
1049 2031 1221 2121 Orpheus,
1242 2031 1414 2114 Musaeus,
1439 2033 1638 2123 Eumolpus,
1669 2037 1776 2102 omisis
1798 2037 1969 2122 antiquita-

549 2177 591 2240 tis
614 2197 774 2240 consensu
795 2174 897 2242 serius
919 2172 1014 2240 vixit.
1061 2157 1184 2238 Nonne
1205 2168 1268 2234 hoo
1286 2169 1431 2234 manime
1453 2171 1664 2237 memorabile
1685 2171 1756 2236 est?
1801 2173 1968 2257 Quomodo

550 2311 730 2391 autemid,
764 2311 850 2396 quod
873 2311 1000 2398 integro
1027 2307 1140 2372 saltem
1165 2275 1273 2372 seculo
1301 2307 1452 2374 Homero
1478 2309 1626 2396 superius
1647 2320 1713 2390 est,
1751 2321 1784 2374 et
1806 2331 1863 2396 per
1886 2311 1970 2374 iute-
2020 2377 2025 2387 ‚

550 2471 648 2536 grum
672 2449 816 2512 seculum
838 2449 905 2532 jam
926 2445 1057 2525 floruit,
1087 2443 1265 2512 Homerica
1287 2455 1388 2509 aetate
1405 2447 1468 2510 vir
1489 2459 1615 2538 orturis,
1649 2457 1684 2511 ut
1706 2448 1804 2534 vulgo
1826 2445 1876 2527 lit,
1911 2469 1970 2506 ro-

553 2584 618 2650 cari
645 2584 774 2672 potest?

1157 2739 1388 2838 xxvnr
1480 2679 1482 2684 ’

637 2921 789 3010 Longam
822 2929 855 2984 et.
883 2939 1054 3006 operosam
1083 2914 1292 2982 Aeolicarum
1312 2915 1521 3002 ,coloniarum
1549 2917 1750 2988 molitionem
1776 2921 1913 2986 multum
1935 2919 1968 2983 al

472 3127 477 3132 ,
556 3059 714 3148 genuinae
735 3056 902 3144 Orphicae
925 3055 1031 3141 poesis
1054 3044 1222 3120 inleritum
1247 3055 1437 3138 contulisse,
1458 3058 1524 3141 jam
1544 3077 1643 3143 snpra
1664 3078 1682 3120 a
1703 3054 1795 3120 nobis
1818 3059 1969 3149 monitum

558 3205 616 3258 est.
667 3195 774 3259 Fuere
794 3193 859 3274 jam
881 3192 967 3275 inter
985 3199 1136 3272 peteres,
1169 3189 1223 3276 qui
1246 3191 1372 3261 illarum
1392 3168 1560 3258 historiam
1583 3191 1685 3258 sosius
1707 3208 1910 3275 enarrarent,
1940 3208 1970 3258 nt

556 3299 760 3408 Hellanicus,
792 3327 964 3414 Ephorus,
986 3337 1039 3390 =et
1073 3323 1158 3390 haud
1190 3301 1286 3392 dubie
1313 3329 1411 3394 etiam
1440 3329 1698 3418 Theopompum
1737 3342 1773 3424 ςῑ
1802 3333 1971 3398 Anticlides

558 3465 771 3532 Atheniensis
792 3459 862 3552 ⁵³);
895 3461 988 3530 nobis
1010 3461 1122 3528 eadem
1144 3487 1162 3528 e
1182 3464 1351 3532 Strabonis
1371 3466 1577 3554 potissimum
1598 3487 1718 3557 parum
1735 3483 1882 3534 accurata
1903 3493 1972 3536 nar·

515 3627 528 3644 ⁸
562 3637 998 3654 W

633 3737 680 3810 ⁵²)
697 3740 888 3798 Samothracia
914 3747 1046 3809 mysteria
1070 3754 1105 3798 ex
1132 3747 1272 3802 Herodoti
1294 3747 1449 3804 rationibus
1475 3749 1656 3804 hortensium
1680 3754 1835 3818 temptione
1853 3757 1883 3805 in
1901 3752 1972 3805 Pelo-

558 3857 714 3908 ponnesum
730 3840 889 3922 autiquibra
910 3857 969 3894 non
987 3857 1061 3907 asse,
1094 3842 1312 3929 demonstratum
1336 3864 1426 3915 nuper
1450 3853 1501 3902 trit
1518 3846 1554 3902 0.
1571 3848 1700 3901 Mueller.
1718 3847 1853 3902 Ort-hom.
1878 3857 1974 3918 pilii.

558 3943 684 4008 quamvis
711 3939 770 4007 ejus
795 3942 917 3992 rationes
943 3954 1001 3994 nou
1026 3937 1060 3994 ab
1088 3947 1166 3996 omni
1184 3924 1269 4012 uparta
1294 3942 1416 3999 lhmatas
1440 3943 1564 3999 habeam.
1599 3943 1654 4004 Sed
1672 3943 1777 3998 luerint
1796 3957 1854 3998 turn
1873 3949 1974 4000 deantur

557 4040 588 4090 in
613 4035 801 4091 Samothracia
827 4048 905 4099 ortas
934 4055 984 4108 par
1007 4057 1052 4095 me
1076 4041 1159 4096 liceis
1188 4061 1255 4097 num
1279 4051 1310 4098 iu
1336 4049 1398 4114 ipsa
1422 4041 1538 4096 Graecia
1557 4042 1651 4096 radam
1669 4014 1807 4096 tam⁸sero
1826 4056 1888 4096 orta
1907 4055 1975 4111 puts·

558 4136 641 4188 mus?
675 4135 776 4190 Nonne
792 4151 880 4203 aequo
899 4139 1055 4196 luculenter
1073 4159 1088 4196 e
1105 4142 1243 4197 Pausania
1261 4141 1300 4208 (9,
1319 4149 1363 4206 25,
1380 4141 1421 4208 6.)
1439 4153 1561 4208 apparet,
1579 4140 1760 4210 Pelasgorum
1778 4151 1911 4209 mysteria
1930 4155 1976 4194 su-

484 4319 487 4325 .
559 4235 608 4282 tim
626 4245 690 4298 post
707 4232 818 4288 Thebas
833 4231 867 4288 ab
883 4235 1021 4306 Epigonis
1040 4237 1145 4294 dirutas
1164 4243 1243 4312 (ergo
1261 4242 1314 4308 juin
1334 4251 1396 4293 rute
1412 4235 1518 4291 bellurn
1537 4235 1704 4305 Troianum)
1728 4243 1758 4291 in
1783 4246 1846 4307 ipsa
1873 4241 1977 4294 Boeotis

558 4325 668 4378 condita
697 4333 777 4383 esse?
838 4317 844 4330 ’
1854 4337 1858 4349 '

630 4418 677 4490 ⁵³)
695 4422 855 4486 Hellanicus
880 4435 904 4481 ts
925 4421 1008 4498 sipara
1034 4439 1152 4486 sistentia.
1186 4433 1282 4485 Tzctz.
1310 4429 1456 4484 Schotaesd
1480 4417 1620 4498 Lyeoph‘r·
1651 4431 1685 4485 T.
1694 4416 1725 4491 αι’
1744 4447 1771 4500 p·
1780 4439 1858 4494 1018.
1897 4437 1979 4486 Sturr.

557 4517 633 4572 flell-
650 4517 694 4574 Fr·
707 4525 804 4589 rao,
831 4526 963 4596 Ephorus
981 4527 1054 4588 libro
1072 4539 1098 4594 3.
1125 4529 1322 4596 historiarum,
1347 4529 1844 4598 tad.ttteter1t1m.1³r.r.tsusq.
1891 4531 1978 4584 Theo·
