4168 5886
712 537 726 548 '¹
789 595 803 604 ..
850 489 875 562 7
932 594 983 618 .-

141 747 178 801 ut
199 711 495 824 singulisperiodis
513 733 682 820 prooemia
702 712 743 799 de
762 733 965 802 Graecorum
984 732 1131 822 ingenio,
1161 727 1327 808 moribus,
1348 739 1381 793 et
1398 735 1483 792 statu
1505 743 1589 812 po·-

140 873 246 956 litico,
278 873 406 960 qualem
435 875 545 942 variae
566 887 754 962 temporum
780 874 922 938 rationes
941 873 1188 960 produxerunt,
1215 867 1423 955 praemittam
1430 889 1442 947 ς
1472 862 1569 972 simili

140 1033 259 1078 usurus
288 1004 546 1103 temperamento
574 1039 611 1080 ac
638 1011 903 1082 Bouterwecln'us
929 1011 965 1076 in
994 1015 1157 1103 praeclara
1187 1014 1376 1084 recentioris
1404 1010 1510 1102 poesis
1534 1019 1566 1074 ot

138 1148 339 1236 eloquentiae
372 1153 515 1222 historia.

220 1423 369 1494 Deorum
392 1445 501 1501 autem
523 1438 647 1506 cultum
669 1411 910 1520 antiquissimos
937 1442 1049 1519 poetas
1078 1433 1166 1501 inter
1193 1430 1338 1499 Graecos
1361 1443 1564 1496 consecrasse

137 1574 170 1628 et
190 1567 308 1632 certius
329 1569 445 1635 deinde
467 1571 671 1655 definivisse,
702 1595 805 1659 quum
828 1594 890 1660 par
910 1593 949 1636 se
971 1594 989 1636 e
1013 1547 1112 1638 totius
1143 1571 1287 1638 Graecae
1314 1571 1475 1658 religionis
1502 1587 1563 1632 na·

135 1713 211 1766 tura
241 1714 274 1768 et
300 1703 409 1772 indole
435 1709 562 1792 poetica
590 1722 693 1795 patet,
725 1723 797 1777 tum
826 1735 869 1777 ex
892 1712 1086 1798 antiquitatis
1106 1711 1298 1778 testimoniis
1320 1711 1427 1777 evinci
1447 1716 1563 1798 potest.
1605 1701 1611 1712 “

135 1841 245 1906 Poesis
266 1843 365 1908 vivae
386 1853 520 1910 naturae
542 1843 640 1910 rebus
664 1845 785 1914 formas
807 1847 936 1914 affinxit
958 1848 1131 1930 humanas,
1154 1871 1249 1936 quas,
1273 1848 1380 1914 indole
1403 1857 1436 1911 et
1457 1845 1561 1910 mori·

135 1975 197 2044 bus
219 2001 332 2046 earum
363 1978 542 2047 accuratius
572 1982 759 2074 descriptis,
791 1988 1041 2076 nominibusque
1062 1988 1102 2053 iis
1123 1987 1249 2068 inditis,
1281 1963 1403 2076 populo
1423 1981 1563 2063 tradidit,

135 2115 200 2199 qui·
212 2136 330 2203 magna
350 2117 465 2184 deinde
483 2123 638 2210 religione
659 2149 712 2194 eas
733 2131 839 2196 colere
857 2129 964 2218 coepit
987 2147 1050 2213 pro
1072 2123 1150 2208 diis,
1171 2124 1268 2190 rebus
1287 2124 1459 2190 hominum
1480 2141 1562 2208 pro·

131 2253 354 2340 spicientibus.
395 2255 450 2325 Ex
472 2261 535 2326 hoc
554 2267 662 2350 poesis
682 2289 802 2356 genere
822 2277 898 2333 sunt
920 2265 1066 2352 Orphei,
1092 2263 1234 2346 Musaei,
1263 2261 1355 2341 Lini,
1383 2257 1559 2345 Pamphus',
1672 2285 1674 2294 ’

130 2389 249 2456 Olcnio
270 2391 471 2480 aliorumque
491 2401 640 2485 nomina,
662 2428 743 2493 quaa
761 2408 827 2474 suis
849 2404 1064 2486 carminibus,
1086 2401 1275 2494 quianullis
1298 2397 1459 2464 mansuris
1482 2414 1556 2458 mo·

129 2531 298 2596 numantia
319 2552 380 2619 per
401 2547 528 2622 septem
548 2552 582 2605 et
612 2542 698 2627 quod
719 2545 867 2612 excurrit
888 2543 993 2608 secula
1013 2541 1196 2629 consignari
1217 2527 1407 2628 potuerant,
1439 2555 1555 2622 eupor-

127 2669 301 2735 vixerunt.
333 2670 400 2738 Sed
414 2673 500 2742 inter
515 2682 676 2766 populum
692 2703 828 2769 quoque,
849 2701 948 2768 quem
961 2679 995 2748 hi
1009 2679 1110 2767 primi
1125 2679 1280 2745 Graeciae
1293 2690 1408 2767 poetae
1421 2673 1558 2740 deorum
1590 2671 1596 2680 ’
1701 2721 1705 2728 ·

129 2807 258 2873 cultum
280 2807 478 2894 docuerunt,
505 2819 611 2884 exorti
633 2831 710 2884 sunt
730 2830 838 2900 vates,
861 2819 931 2906 qui,
958 2819 1097 2885 heroum
1116 2840 1251 2884 suorum
1273 2835 1326 2880 res
1348 2826 1451 2900 gestas
1473 2811 1557 2875 cele-

128 2940 278 3048 brantes,
299 2943 437 3012 deorum
458 2946 598 3034 formas,
625 2955 760 3022 rudibus
782 2960 903 3024 lineis
892 2981 958 3042 Jam
980 2957 1176 3062 designatas,
1203 2951 1371 3042 paullatim
1391 2953 1434 3016 ita
1454 2967 1554 3012 exor-
1583 2944 1587 2951 ’

127 3043 266 3159 nebant,
296 3081 538 3168 amplificabant
568 3103 601 3154 et
629 3091 819 3174 variabant,
857 3115 1037 3181 eorumque
1066 3095 1168 3160 vitam
1196 3093 1358 3158 humanae
1385 3100 1556 3177 tantopere

127 3217 373 3300 assimulabant,
405 3234 462 3302 ut,
496 3245 600 3311 quum
624 3227 791 3297 Homerus
820 3255 936 3300 canere
967 3235 1142 3320 coepisset,
1173 3232 1280 3320 prima
1307 3229 1438 3298 illorum
1464 3229 1556 3314 origo

126 3359 317 3446 primaeque
339 3357 486 3426 notiones
508 3368 684 3463 populum,
706 3370 758 3435 cui
779 3370 965 3438 delectando
986 3369 1138 3455 canebat,
1157 3373 1253 3461 plane
1274 3373 1403 3438 latuisse
1420 3367 1557 3436 videan-

127 3512 195 3564 tur.
236 3499 289 3564 Sic
310 3511 343 3565 et
363 3499 474 3586 religio
495 3505 602 3588 poesis
624 3504 708 3576 lacta
729 3523 794 3594 est,
823 3523 856 3579 et
877 3514 984 3602 poesis
1002 3511 1130 3599 religio,
1150 3521 1187 3577 ut
1205 3511 1268 3592 dii,
1297 3512 1403 3598 quales
1425 3530 1443 3573 a
1466 3509 1557 3594 poesi
1575 3545 1578 3550 ·

128 3639 262 3706 sormati
283 3651 395 3720 erant,
429 3642 523 3722 tales,
555 3649 691 3712 servatis
714 3649 793 3714 adeo
814 3653 948 3740 poeticis
971 3654 1150 3742 epithetis,
1168 3653 1207 3720 ad
1228 3655 1349 3736 cultum
1371 3615 1557 3718 transirent.

127 3777 215 3846 lllud
235 3791 342 3848 autem
360 3775 472 3867 poesis
488 3800 609 3866 genus,
639 3787 731 3871 epico
752 3811 871 3876 genere
891 3793 995 3860 multo
1016 3775 1203 3889 antiquius,
1217 3795 1336 3864 Graeci
1357 3787 1432 3859 inde
1453 3813 1472 3856 a
1494 3813 1556 3856 ve·

98 4007 103 4024 κ
127 3919 314 3988 tuetissimis
342 3919 546 4006 temporibus
576 3926 749 4013 complecti
770 3945 1011 4002 consueverunt
1032 3921 1167 4001 nomine
1190 3933 1334 4022 Orphei,
1364 3953 1462 4019 quem
1483 3929 1556 3998 ideo

128 4057 275 4126 Graecae
294 4061 401 4148 poesis
426 4071 555 4149 patrem
576 4066 779 4156 Aeschylus,
799 4054 975 4152 Pindarus,
996 4075 1065 4156 alii,
1093 4073 1272 4163 appellante
1301 4091 1397 4158 quam
1417 4066 1554 4133 eandem

127 4192 290 4263 rationem
304 4219 426 4267 nomen
444 4201 585 4272 Homeri
603 4228 731 4294 quoque
746 4219 920 4294 expertum
941 4221 1006 4291 est,
1029 4211 1099 4298 qni,
1121 4210 1269 4295 quamvis
1292 4211 1402 4298 plures
1423 4217 1499 4272 ante
1519 4227 1554 4271 sa

126 4347 241 4420 poetas
268 4335 367 4402 lubae
393 4339 464 4426 ipse
490 4341 590 4429 dicat,
622 4345 663 4418 ad
692 4369 791 4415 omne
816 4326 926 4416 tamen
956 4349 1084 4440 epicum
1104 4371 1206 4441 genus
1227 4345 1395 4418 traductus
1423 4349 1556 4436 ejusque

126 4486 241 4541 auctor
268 4475 396 4546 habitus
425 4493 484 4550 est.
1293 4461 1304 4472 ι
