4168 5872
372 974 379 1007 l

641 1021 671 1092 C
697 1043 719 1094 a
748 1043 769 1092 r
798 1045 823 1094 u
852 1046 879 1096 τ
931 1020 1012 1093 111.

293 1183 676 1278 oneuronu
725 1123 978 1277 ronsrs
1033 1185 1358 1279 NATURA

195 1599 435 1723 ’opperiente
455 1603 520 1699 7⁰39
549 1603 685 1690 πλᾶτᾶς
707 1607 736 1682 τ’
750 1609 836 1701 ἡμῖν
857 1615 1038 1696 κατέδειξε,
1067 1606 1179 1701 φόνων
1213 1603 1241 1680 τ’
1257 1601 1456 1698 ἀπέχεσθαι.
1481 1629 1494 1652 ⁵

736 1866 915 1956 XXIX

107 2001 207 2106 Non
236 2038 306 2102 eine
335 2039 522 2130 ambagibus
552 2041 620 2125 jam
649 2063 688 2106 eo
713 2055 913 2130 perventum
934 2055 999 2125 ert,
1036 2052 1073 2106 ut
1093 2039 1318 2128 gravissimam
1340 2037 1541 2120 eandemque
1562 2028 1566 2037 '

108 2175 334 2244 difficillimam
358 2177 578 2261 quaestionem
601 2180 731 2266 aggredi
758 2183 862 2258 liceat.
913 2181 954 2248 Iu
983 2179 1110 2245 duobus
1132 2175 1400 2268 praecedentibus
1421 2173 1540 2258 'capiti-

108 2313 170 2378 bna
205 2313 237 2376 id
264 2313 471 2400 potissimum
492 2315 729 2400 spectavimus,
756 2329 809 2398 ut,
845 2339 910 2404 quo
930 2329 1099 2406 tempore,
1132 2328 1165 2382 ct
1187 2316 1243 2381 ubi
1263 2317 1411 2382 locorum
1434 2311 1541 2398 poesis

106 2449 263 2536 Orphica
284 2462 355 2546 orta
375 2429 432 2528 sit,
467 2449 755 2530 demonstraretur.
809 2455 937 2540 Quibus
964 2425 1012 2520 in‘
1022 2453 1292 2540 disputationibus
1321 2437 1419 2514 multa
1436 2447 1541 2546 'rrobia

109 2585 322 2692 obstruxerat
349 2597 381 2650 et
410 2597 560 2652 veterum
586 2601 620 2654 et
644 2589 878 2654 recentiorum
894 2601 1082 2678 temporum
1104 2589 1276 2654 temeritas.
1297 2631 1306 2644 ‚
1331 2586 1540 2671 Argumenta
1651 2569 1654 2597 ¹

109 2707 225 2790 nostra
249 2722 420 2810 exipsius
442 2719 594 2812 antiquae
623 2725 775 2794 historiae
803 2725 951 2794 Graecae
981 2725 1147 2792 subtiliore
1169 2724 1361 2816 ‚cognitione
1385 2734 1418 2787 et
1441 2742 1540 2785 accu-
1569 2815 1570 2820 γ
1626 2717 1627 2722 ’

110 2862 232 2928 ratiore
268 2847 533 2947 interpretatione
560 2863 661 2949 petita
691 2876 783 2928 sunt:
817 2862 1059 2944 ciebularum,
1096 2861 1212 2948 quibus
1239 2861 1368 2948 Orphei
1399 2879 1539 2946 persona

112 2999 280 3077 abundat‚'
300 2995 507 3064 deverticuiia
534 3019 610 3079 raro
636 2999 753 3086 aliquid
782 2998 1029 3087 exsculpaimue.
1081 3001 1193 3086 Quum
1219 2999 1321 3087 'igitur
1350 3019 1391 3060 ne
1419 3006 1539 3058 eontu-
1649 2995 1651 3001 ’

113 3137 314 3204 macissiurus
344 3135 476 3220 quidem
503 3135 640 3222 amplius
672 3135 820 3224 dubitare
849 3147 962 3222 queat,
996 3115 1144 3204 floruisse
1177 3138 1210 3203 iu
1240 3136 1372 3220 antiqua
1401 3097 1540 3196 Graecia

114 3290 186 3343 ante
218 3286 354 3340 aetatem
382 3271 593 3342 Homericam
622 3274 737 3361 poesin
762 3273 964 3362 Orphicam3
1000 3276 1068 3360 jam
1086 3270 1195 3340 'nobis
1225 3273 1454 3340 declarandum
1480 3282 1539 3351 eat,

115 3415 215 3499 qualia
235 3414 287 3480 iila
308 3409 422 3493 fuerit,
443 3422 476 3475 et
500 3410 629 3478 cuinam
649 3412 721 3477 uani
743 3411 909 3477 destinata.
951 3410 1006 3478 Ac
1025 3423 1182 3498 quantum
1206 3411 1245 3476 ad
1269 3411 1363 3498 itone
1377 3409 1539 3494 quaestio-

117 3574 190 3618 nem
221 3548 410 3630 aolvendam
441 3543 477 3612 in
503 3548 741 3636 superioribus,
775 3571 877 3650 quum
896 3550 1101 3638 ,singulorum
1131 3562 1399 3638 argumentorum
1426 3549 1539 3638 grari-

117 3701 178 3754 tate
203 3710 265 3776 per
292 3710 327 3752 oe
353 3685 536 3763 aestimata,
568 3696 639 3749 tum
666 3685 814 3748 omnium
842 3687 1005 3750 rationum
1030 3686 1176 3770 pondere
1202 3689 1236 3750 in
1265 3709 1367 3750 unum
1396 3689 1537 3764 collecto,

117 3827 279 3910 prolatum
301 3823 360 3903 ait,
394 3819 599 3888 inanimum
627 3839 784 3885 revocare
804 3830 945 3906 oportet.
992 3819 1060 3885 Hic
1083 3841 1166 3883 vero
1193 3821 1311 3886 iterum
1339 3819 1431 3884 nobis
1461 3843 1537 3884 enm

119 3961 355 4030 difficultatibus
386 3957 638 4025 conflictandum
667 3968 731 4038 est,
771 3978 850 4044 quaa
886 3947 931 4022 iu*
957 3954 1029 4044 ipso
1056 3955 1167 4021 limine
1205 3955 1319 4040 objecit
1357 3975 1424 4022 non
1464 3960 1538 4044 qni-
1597 3927 1602 3940 .

119 4101 190 4166 dent
223 4101 291 4189 ipae
319 4097 523 4162 Graecorum
553 4095 725 4182 antiquitas
756 4093 855 4177 (haec
889 4081 981 4158 eniin
1014 4097 1105 4160 velut
1138 4115 1205 4158 uno
1243 4115 1300 4159 ore
1336 4088 1387 4157 ad'
1413 4109 1538 4160 sanetas

119 4240 265 4306 Deorum
297 4235 468 4323 religiones
499 4235 614 4322 poesin
648 4231 831 4320 Orphicant
864 4231 1034 4296 accessisse
1064 4235 1234 4312 teatatnr);
1272 4252 1389 4296 verum
1423 4255 1539 4300 reeen-

67 4439 75 4454 ,
121 4379 317 4444 tissimorum
344 4371 549 4460 quorundam
577 4370 776 4459 scriptorum
811 4369 957 4472 audacia,
989 4389 1071 4456 quae
1107 4369 1300 4451 conjecturis
1327 4372 1394 4436 auia
1433 4373 1541 4438 indui-

122 4533 209 4600 gere,
241 4535 338 4600 qnam
363 4509 460 4576 totiua
492 4508 686 4598 antiquitatis
719 4508 794 4575 voci
819 4508 1015 4588 auscultare,
1050 4505 1171 4572 meluit.
1256 4509 1270 4530 ⁸
