4168 5872
1177 468 1258 560 ιιι

1079 577 1360 610 W

511 721 687 788 sententia:
711 737 801 804 quae
822 735 907 780 cero
934 725 1003 780 tam
1024 725 1274 802 ·pe1qseramest
1302 709 1499 796 excogitata,
1524 721 1566 775 ιιι
1584 709 1631 774 ab
1662 713 1753 778 omui
1774 711 1947 800 probrum

512 861 638 925 ratione
654 853 781 943 partim
799 849 989 931 abhorreat,
1015 851 1141 936 partim
1164 861 1280 915 contra
1295 867 1433 912 omnem
1452 845 1604 910 historiae
1618 842 1723 912 fidem
1745 849 1787 914 sit
1808 867 1945 936 propo-

512 998 582 1060 sita.
639 994 848 1078 Recognosce
873 1000 983 1052 tecum
1012 998 1116 1054 totam
1144 987 1239 1054 istam
1264 982 1550 1073 septentrionalem
1574 983 1720 1070 plagam,
1751 953 1819 1070 qier
1838 1005 1943 1069 qnam

512 1133 645 1208 Musae,
674 1150 692 1190 c
716 1125 823 1192 nescio
846 1145 908 1211 qua
925 1123 1036 1190 Indiae
1053 1137 1151 1210 parte
1167 1133 1261 1187 trans
1278 1119 1473 1188 ·Celchidem
1497 1119 1657 1202 advenae,
1684 1119 1800 1218 itinera
1818 1118 1943 1203 iecisse,

513 1284 562 1351 et,
583 1269 621 1334 ad
647 1281 775 1354 tempus
800 1274 905 1340 certe,
934 1259 1132 1334 domicilium
1146 1258 1274 1326 ‚ibidem
1294 1257 1494 1327 constituisse
1513 1267 1690 1345 putantum,
1714 1257 1801 1326 ,latas
1825 1270 1857 1322 et
1879 1281 1941 1324 ex-

513 1419 618 1470 tensas
649 1403 803 1488 Scythiae
825 1399 990 1486 regiones,
1022 1397 1092 1460 loca
1115 1395 1259 1460 Caucaso
1286 1394 1478 1478 adjacentia,
1513 1404 1544 1456 et
1566 1391 1713 1458 lroriidas
1733 1394 1940 1481 incultusque

511 1544 675 1612 ,Thraciae
695 1555 816 1614 terrosa
847 1535 999 1618 quinam,
1030 1554 1165 1618 quaeso,
1192 1531 1310 1620 populi
1328 1529 1512 1596 incolebant
1524 1531 1621 1596 ,istius
1638 1531 1753 1618 ¹plagae
1776 1533 1939 1598 vastitates

513 1681 653 1746 Homeri
685 1671 911 1764 temporibus?
970 1668 1106 1736 Bubari
1147 1689 1267 1754 nempe
1300 1651 1477 1748 Cicon‘um,
1519 1647 1722 1754 Mysorum,
1767 1667 1939 1748 Abiorum,

514 1817 689 1902 Equimnlg
690 1835 787 1878 orum
816 1829 930 1894 greges
962 1829 1037 1870 cum
1067 1827 1105 1872 eo
1136 1793 1307 1870 hominum
1327 1825 1470 1890 genere,
1509 1801 1624 1896 quibus
1654 1815 1769 1868 natura
1798 1827 1840 1870 ne
1870 1808 1939 1874 salis

516 1953 647 2038 quidem
668 1971 764 2013 usum
785 1955 996 2038 concesserat.
1054 1942 1129 2006 Hoc
1147 1941 1287 2006 'utronido
1315 1943 1462 2006 loeorrun
1485 1940 1573 2004 ‹ultu
1597 1913 1733 2006 Mavors
1749 1941 1844 2027 apud
1866 1945 1939 2008 Ho-

458 2065 466 2081 Ι
516 2111 646 2153 merum
678 2086 817 2173 gaudete
845 2079 962 2144 dicitur
991 2099 1068 2142 cum
1095 2083 1201 2150 muni
1215 2079 1377 2156 Timone,
1409 2077 1581 2156 Terroris,
1617 2077 1815 2162 Fmorisque
1836 2083 1939 2146 comi-

402 2295 407 2302 ,
515 2238 594 2290 tatu.
645 2221 773 2286 Scilicet
792 2217 872 2280 haec
895 2226 943 2278 est
964 2213 1103 2278 obscura
1124 2215 1185 2278 ista
1208 2227 1238 2278 et
1253 2213 1461 2279 tenebricosa
1481 2186 1593 2291 terra,
1615 2213 1669 2277 cni
1688 2213 1806 2282 Graeci
1823 2217 1939 2282 claris-

518 2361 639 2424 simum
667 2354 789 2440 ingenii
821 2352 944 2418 cultum
971 2349 1098 2412 debent.
1151 2351 1277 2415 Scilicet
1298 2347 1387 2413 'haec
1416 2363 1464 2414 est
1488 2349 1741 2416 celebratissima
1764 2351 1841 2416 olim
1861 2353 1939 2418 Mu·

521 2515 630 2558 sarum
658 2490 770 2570 sedes,
800 2509 898 2573 quam
921 2499 998 2574 post
1019 2498 1085 2550 tam
1113 2487 1247 2550 molesta
1274 2497 1307 2550 et
1330 2485 1486 2552 laboriosa
1508 2507 1638 2549 emensa
1660 2487 1775 2551 itinera
1792 2487 1852 2553 sthi
1871 2491 1937 2553 ele-

518 2631 601 2716 gisse
620 2637 794 2712 potantia,-
828 2624 947 2688 scilicet
969 2636 1006 2688 ut
1028 2645 1061 2687 se
1082 2622 1255 2690 reficerent
1276 2635 1308 2696 et
1326 2633 1512 2688 recubarent
1526 2623 1615 2688 ‘lacte
1637 2625 1771 2709 equino,
1792 2637 1835 2690 et
1854 2625 1939 2706 crisis,

520 2763 636 2848 quibus
660 2783 702 2826 ne
720 2761 769 2828 sal
789 2759 918 2844 quidem
932 2758 1115 2828 ,admistum
1138 2771 1215 2827 erat.
1269 2759 1408 2844 Quantis
1428 2769 1547 2844 ,autem
1567 2757 1755 2846 ambagibus
1773 2757 1841 2847 .per
1856 2762 1940 2826 ,hor-

520 2901 695 2966 ridissimas
715 2897 862 2986 regiones
884 2919 966 2984 opus
989 2907 1072 2976 erat,
1101 2897 1289 2984 priusquam
1311 2897 1352 2960 arl
1372 2895 1515 2962 Graecos
1536 2895 1767 2981 pemzenircnt!
1805 2897 1939 2963 Gratius

520 3037 608 3100 haud
630 3037 725 3098 dubie
746 3035 811 3096 uiri
832 3034 874 3096 illi
899 3031 1074 3102 doctissimi
1096 3033 1245 3099 iecissent
1264 3033 1384 3108 Musis,
1417 3033 1444 3098 si
1466 3055 1518 3096 eas
1540 3055 1583 3098 ex
1604 3031 1683 3098 Asia
1703 3035 1811 3104 statim
1834 3048 1940 3100 tratis-

505 3173 692 3236 tatanem
718 3168 757 3231 ad
784 3166 953 3234 umbrosos
976 3170 1149 3236 'Heliconis
1179 3169 1279 3232 tucos.
1333 3164 1475 3231 'I'hraoia
1506 3168 1566 3234 iata
1592 3171 1763 3235 Musarum
1792 3169 1885 3236 sedes
1914 3175 1940 3236 si

520 3327 678 3392 umquam
711 3301 838 3385 suisset,
870 3307 1103 3392 qualecumque
1118 3298 1280 3386 ,prosectu
1307 3321 1420 3366 aarum
1449 3318 1700 3371 monumentum
1730 3307 1772 3372 ihi
1791 3321 1942 3389 restaret,

439 3445 444 3454 '
521 3444 578 3508 vel
598 3443 700 3527 aliqua
723 3455 808 3508 certe
829 3443 949 3510 horum
971 3443 1119 3510 locorum
1145 3436 1258 3501 notitia
1276 3435 1317 3500 ad
1335 3435 1483 3507 Graecos
1504 3442 1720 3527 pervenisses.
1758 3443 1808 3509 Ibi
1833 3459 1940 3512 antem

468 3581 471 3586 '
524 3581 630 3643 nullus
653 3579 814 3659 valona,
833 3581 889 3642 ‚vel
909 3597 1022 3651 mons,
1042 3573 1148 3672 Musis
1170 3585 1392 3654 consecratus,
1420 3574 1810 3662 fabulisquecelehratum
1835 3583 1942 3647 nnlhu

522 3711 702 3802 Olympus,
723 3712 874 3790 Deorum
894 3711 1102 3778 domicilium.
1129 3710 1340 3808 'Miractslum
1359 3711 1506 3796 prolecto
1529 3727 1629 3794 esset,
1662 3717 1687 3779 si
1708 3719 1829 3804 poesis,
1858 3719 1941 3794 circa

524 3853 702 3919 Caucasum
718 3863 756 3914 ct
773 3851 859 3936 apud
879 3851 1090 3938 Equirnulgoa
1112 3847 1190 3912 olim
1206 3846 1349 3926 florens,
1372 3847 1543 3916 Musarum
1566 3853 1829 3939 reliquorrmsqne
1843 3853 1942 3918 Deo·

522 4013 598 4054 rum
612 3989 736 4062 ,sedem
767 3985 806 4051 ad
834 3986 1036 4054 Thessaliam
1063 3995 1097 4049 et
1126 3981 1291 4048 Boeotiam
1320 3986 1550 4068 traantulisset,
1583 4000 1693 4075 spreto
1710 3990 1861 4055 Caucaso
1881 4013 1941 4056 suo

519 4120 648 4213 diisque
670 4126 785 4191 vicinis
808 4123 982 4192 montibus·

601 4377 654 4440 Ne
675 4375 798 4482 epicam
820 4353 952 4457 quidem
972 4367 1086 4454 poesin
1099 4369 1138 4435 in
1153 4369 1226 4458 'ipsa
1248 4369 1386 4458 Graecia
1401 4381 1514 4460 :ortam
1538 4373 1670 4450 volunt,
1691 4371 1746 4436 seri
1768 4395 1810 4438 ex
1827 4377 1941 4464 'nescio

520 4511 635 4597 quibus
662 4511 761 4576 Asiae
787 4503 971 4592 regionibus
1003 4504 1201 4596 traductam,
1238 4505 1497 4594 quandoquidem
1526 4510 1641 4575 nullius
1659 4509 1795 4605 'Graeci
1824 4525 1943 4598 poetae
