4168 5872
800 541 806 554 ὓ
841 441 925 554 α171

736 543 1026 576 ’ὁμο-,ἡ

169 671 336 768 probabile
366 674 512 767 videtur,
551 697 656 752 totum
687 687 727 750 tle
755 689 884 756 Baccho
914 691 1085 758 dssacerato
1115 693 1289 780 mythnm,
1328 695 1599 770 Pisistratidarnm

168 818 402 887 reflorescente
429 825 510 887 aetio
540 823 580 888 ab
608 825 819 892 Onomaerito
844 851 957 894 recens
979 829 1110 910 fictum,
1142 830 1182 895 ab
1207 833 1389 919 aequalibus
1411 795 1530 921 poetis,
1562 853 1598 904 ut

64 1054 70 1060 .
156 957 354 1044 ·Aeschylo,
371 961 416 1024 ·in
436 981 567 1042 scenam
587 961 670 1028 illico
688 964 887 1050 productum
909 967 1002 1034 esse?
1043 969 1122 1033 Non
1142 979 1230 1034 tanta
1250 969 1399 1058 profecto
1420 971 1482 1037 fnit
1499 975 1596 1039 Ouo-

158 1093 305 1158 macrito
335 1094 476 1164 Athenis
509 1099 594 1186 apud
615 1103 754 1188 tragicos
778 1116 889 1191 poetas
913 1091 1102 1185 auctoritas,
1144 1118 1181 1169 ut
1207 1107 1277 1190 ejus
1300 1107 1428 1172 fabellas
1454 1111 1594 1174 vixdum

164 1230 320 1296 eoullatas
343 1231 384 1298 de
411 1257 506 1300 scena
527 1231 698 1317 docerent3
735 1241 856 1328 quippe
878 1243 933 1328 qui
954 1242 1106 1306 fraudum
1130 1256 1237 1307 essent
1258 1264 1436 1322 memores,
1474 1247 1591 1330 quihus

166 1369 331 1454 antiquam
359 1371 488 1460 Orphei
517 1375 706 1463 Musaeique
734 1378 847 1462 poesin
875 1379 1135 1466 interpolaverat.
1174 1413 1217 1470 7-
1260 1381 1308 1445 At
1337 1401 1411 1443 cum
1434 1382 1591 1466 mythum

165 1505 256 1570 illum
289 1511 543 1576 vetustissimum
577 1536 647 1578 esse
682 1509 868 1594 contendo,
907 1518 981 1580 nolo
1013 1516 1120 1582 statim
1153 1538 1226 1580 cum
1258 1517 1324 1582 aliis
1362 1520 1591 1604 narrationem,
1618 1561 1625 1570 ·

165 1647 295 1728 qualem
323 1647 474 1714 Clemens
498 1663 531 1715 et
553 1653 695 1717 Nonnus
725 1653 817 1716 nohis
847 1665 1021 1718 servarunt
1037 1651 1107 1736 ⁸⁵),
1150 1675 1212 1740 pro
1240 1652 1379 1740 genuina
1410 1653 1589 1720 venditare.

161 1781 273 1850 {mmo
301 1784 380 1850 haec
409 1811 445 1852 ea
471 1788 708 1870 videturesse,
747 1813 844 1876 quam
865 1792 1036 1856 Pausanias
1065 1790 1104 1853 ab
1126 1790 1338 1854 Onomacrito
1360 1790 1588 1876 amplificatam

163 1941 250 2000 esse,
270 1923 436 2008 productis
460 1926 648 2007 Titanibus,
668 1927 778 1992 refert.
822 1928 1052 2014 Antiquiorem
1076 1929 1143 2011 ejus
1166 1928 1342 2004 rationem,
1373 1947 1392 1990 a
1414 1939 1463 1990 tot
1483 1931 1587 2014 poetis¹
1609 1943 1613 1956 '

162 2058 320 2124 variatam
345 2073 377 2126 et
399 2073 608 2144 exornatam,
640 2063 736 2128 hodie
750 2060 816 2130 ⁴vin
838 2085 1011 2150 possumus
1033 2063 1195 2158 diuinare:
1230 2075 1261 2126 et
1283 2065 1317 2126 in
1339 2083 1376 2124 re
1398 2062 1466 2126 tam
1489 2065 1586 2129 dubia

160 2198 260 2261 satius
280 2209 329 2262 est
347 2199 563 2284 ignorantiam
585 2199 750 2287 profiteri,
784 2221 881 2284 quam
904 2199 944 2262 ad
973 2219 1073 2264 vanas
1095 2199 1319 2264 hariolationes
1342 2187 1461 2262 delebis
1513 2204 1587 2270 Noe

158 2333 208 2398 bis
231 2335 349 2402 sufficit
372 2341 469 2404 etiam
490 2337 614 2403 fabulae
635 2327 780 2417 sumina,
814 2337 979 2402 Bacchum
1002 2337 1201 2422 discerptum
1222 2357 1318 2400 esses*
1346 2361 1427 2424 quac
1456 2365 1508 2406 res
1539 2344 1585 2405 si·

158 2471 236 2538 mile
256 2473 400 2560 Orphei,
434 2477 533 2562 primi
555 2475 728 2539 sacerdotis
758 2472 892 2552 Ba'ccbi,
925 2470 1029 2536 fatum
1057 2471 1150 2534 nobis
1169 2443 1206 2536 in
1228 2475 1420 2538 memoriam
1442 2490 1585 2542 revocat.

139 2610 200 2674 'lu
224 2611 340 2698 vulgus
363 2625 471 2678 autem
494 2625 609 2678 notum
637 2597 712 2690 est,
737 2607 917 2674 sacerdotes
939 2605 1067 2671 easdem
1087 2629 1241 2692 personas
1263 2609 1418 2710 imbuere,
1454 2613 1584 2677 eadem-

158 2769 221 2831 que
244 2747 308 2812 fata
331 2727 360 2812 e
371 2762 522 2816 veterum
549 2748 774 2815 traditionibus
797 2747 904 2813 subire
926 2745 1044 2842 solere,
1076 2737 1171 2831 atque
1192 2746 1253 2831 ipsi
1275 2745 1336 2824 dii,
1368 2767 1509 2831 quornm
1531 2771 1584 2812 sa-

158 2886 303 2951 cerdotes
334 2901 411 2953 sunt
429 2887 490 2968 ⁸⁶).
521 2849 591 2952 ¹Ut
612 2841 709 2974 igituir
738 2882 1086 2972 Zagreus·Dionysus
1109 2905 1129 2945 a
1156 2883 1292 2946 lunonis
1315 2883 1472 2948 ultoribus
1496 2885 1582 2948 aita-

158 3037 283 3090 ceratus
308 3038 376 3106 est,
405 2995 449 3090 ita
470 3024 624 3118 Orpheus
646 3045 664 3086 a
683 3022 913 3101 Maenadihus3
950 3041 1028 3106 quas
1059 3020 1196 3084 Juuonis
1219 3020 1372 3084 ultricum
1392 3033 1500 3106 partes
1522 3024 1583 3087 ali-

158 3163 287 3250 quando
309 3163 487 3250 suscepisse
507 3161 677 3249 probabile
697 3175 755 3226 est.
811 3161 911 3243 Cujus
942 3157 1066 3222 labulae
1088 3139 1181 3220 causa
1203 3154 1429 3222 diversissimis
1453 3157 1584 3241 quidem

157 3301 226 3366 aliis
253 3293 356 3364 modis
378 3299 496 3363 tradita
524 3311 583 3364 est.
638 3299 691 3362 Sic
715 3297 901 3382 Aeschylus
926 3295 959 3359 iu
980 3291 1201 3358 Bassaridibus
1230 3292 1423 3378 Orpheum,
1461 3295 1516 3378 qui
1544 3294 1599 3356 ab

159 3438 314 3524 Apolline
340 3438 450 3522 lyram
478 3433 669 3522 accepisset,
708 3449 741 3500 et
761 3435 951 3522 Apollinem
976 3429 1140 3494 habuisset
1162 3451 1328 3492 summum
1353 3429 1466 3511 deum,
1502 3430 1585 3494 Bac-

157 3575 260 3640 chum
282 3587 397 3638 eontra
416 3572 653 3650 contemsisset,
682 3571 858 3656 produxit,
891 3590 1030 3652 eumque
1050 3567 1092 3631 ob
1117 3567 1225 3654 ipsum
1243 3568 1361 3634 llacebi
1384 3577 1586 3631 contemtum

158 3737 177 3776 a
198 3710 409 3778 Maenadihus
431 3706 640 3772 interfectum
661 3725 730 3767 esse
753 3702 862 3764 docuit
879 3699 944 3781 ⁸¹).
991 3699 1082 3762 Hinc
1111 3699 1292 3762 Creuzerus
1321 3705 1467 3784 primum
1488 3703 1586 3766 colle-

159 3882 605 3910 ...Μ

234 3997 281 4064 ⁸⁵)
298 3999 384 4054 Clam.
414 3996 497 4051 Alex.
523 3947 666 4059 Proircpt·
692 4004 720 4056 p·
730 3993 773 4048 15.
801 3984 910 4038 Poner.
941 3979 1034 4034 Noun.
1055 3985 1080 4044 6,
1104 3984 1164 4040 ns
1201 3979 1329 4049 Creuzer.
1359 3977 1483 4048 Syurbol.
1510 3982 1543 4033 T.
1557 3987 1584 4039 3.

162 4118 190 4168 Ρ·
206 4105 269 4162 341·
291 4097 380 4170 (351))

160 4230 168 4238 ”
233 4225 283 4296 ⁸⁶)
300 4224 453 4291 schelling.
470 4219 506 4272 dc
523 4217 578 4272 dtu
597 4210 744 4270 Smothr.»
754 4211 852 4278 p·83·‚
869 4206 1001 4264 erema
1017 4199 1143 4270 Symhol·
1162 4200 1230 4259 Ta
1247 4213 1276 4268 p.
1285 4200 1346 4258 447,
1365 4197 1463 4264 (473.)
1499 4195 1584 4252 simi.

162 4331 200 4384 lis
218 4326 274 4394 viti·
297 4339 341 4393 ap.
365 4319 528 4376 unrocus.
555 4313 590 4368 Τ.
599 4319 626 4372 2.
654 4313 733 4378 uau
1495 4341 1497 4348 .

116 4461 126 4468 ’
236 4447 282 4513 ⁸²)
300 4443 475 4502 Er'tlosshw·
494 4438 596 4491 CM·
609 4435 756 4500 'll-1³49·
780 4425 901 4484 sehet.
926 4424 964 4479 cl.
982 4424 1108 4480 timoth
1125 4437 1168 4492 ap.
1186 4417 1288 4475 Euseb.
1303 4426 1371 4490 Μ.
1402 4420 1474 4476 θαι,
1492 4419 1585 4500 prud}

163 4555 216 4608 ¹0¹·
235 4549 303 4604 ⁰⁰1·
321 4545 356 4600 Τ·
367 4551 393 4604 1·
410 4557 439 4608 Ρ·
449 4541 525 4600 ²⁸9u
549 4528 685 4587 Orchom.
702 4533 809 4594 rum·
819 4551 855 4570 -·
872 4525 1022 4594 Perpetem
1040 4525 1121 4576 illurn
1136 4522 1233 4573 tonum
1250 4515 1593 4588 oeperunt'siedernaum

1130 4641 1196 4714 *22
