4168 5886
1193 449 1219 526 ⁸
1249 461 1253 470 .

1074 559 1356 590 my·-

501 733 504 738 ·
587 702 699 788 Quam
717 699 797 765 utils
822 666 926 779 vero,
955 707 1085 786 gistum
1102 673 1203 786 atque
1225 697 1407 784 jucundum
1429 697 1523 764 nobis
1544 696 1647 780 foret,
1678 709 1716 760 nt
1738 717 1782 764 ex
1803 697 1932 766 Home-

506 841 580 908 ricis
603 837 799 906 omninibus
819 836 1091 923 ingeniosissimos
1110 853 1223 928 poetas
1242 839 1354 908 divina
1367 837 1403 902 vi
1420 838 1595 934 acspiritu
1610 836 1797 921 iuveniliter
1818 823 1933 910 luden-

507 993 555 1046 tes
578 981 801 1068 populumque
822 960 965 1046 suauiter
996 961 1189 1046 oblectabas
1214 977 1464 1066 cognoscimus,
1503 979 1549 1042 ita
1575 998 1707 1068 quoque
1736 1001 1778 1046 ex
1807 979 1934 1070 Orphei

508 1119 705 1188 carminibus
732 1119 839 1207 poesis
868 1117 1056 1204 infantiam,
1092 1079 1220 1188 summa
1242 1117 1378 1184 deorum
1408 1115 1543 1180 numina
1572 1115 1627 1202 pia
1656 1120 1811 1208 religione
1832 1145 1933 1188 uene·-

510 1270 647 1324 rsntem
667 1269 699 1322 et
723 1255 957 1340 celebrantem,
991 1277 1170 1344 eorumque
1193 1254 1333 1336 formas,
1366 1276 1506 1324 munera
1533 1265 1568 1320 et
1585 1255 1720 1322 nomina
1738 1257 1934 1332 indimntem

508 1408 543 1460 et
564 1394 801 1460 describentem
821 1415 1037 1480 cognoscere3
1074 1401 1267 1488 praesertim
1286 1396 1373 1486 apud
1391 1417 1471 1460 eum
1492 1396 1669 1482 populum,
1698 1417 1799 1480 quem
1822 1413 1933 1464 omnes

507 1533 579 1618 sere
601 1534 742 1600 cultioris
763 1530 882 1616 ingenii
903 1544 1015 1617 gentes
1033 1546 1072 1600 et
1087 1539 1310 1624 antiquiorum
1333 1549 1366 1602 et
1385 1507 1609 1631 recentiorum
1631 1546 1839 1620 temporum,
1861 1539 1935 1604 uni-

510 1691 586 1740 cum
607 1671 795 1756 exemplum
820 1669 857 1734 in
884 1670 975 1756 poesi
995 1669 1056 1738 sibi
1075 1674 1272 1770 imitandum
1300 1683 1523 1760 sumpserunt.
1578 1671 1646 1736 Ibis
1671 1671 1802 1756 quidem
1821 1675 1933 1740 seculis

507 1831 578 1874 non
592 1829 629 1872 ea
644 1810 771 1896 linguae
786 1807 918 1882 facilitas
934 1820 964 1874 et
984 1811 1136 1880 orationis
1154 1810 1336 1878 volubilitas
1351 1806 1552 1894 expectanda
1567 1817 1633 1884 est,
1650 1829 1736 1893 quae
1752 1811 1843 1897 apud
1862 1813 1933 1878 Ho-

509 1971 658 2031 merum,
687 1951 785 2037 longo
807 1947 1009 2016 hauddubie
1031 1962 1202 2037 poetarum
1223 1964 1340 2018 usust
1367 1939 1502 2040 operosa
1525 1946 1757 2014 exercitatione
1774 1948 1818 2012 ad
1831 1951 1932 2016 ‘talem

393 2086 400 2097 '
512 2087 721 2176 perfeetionis
743 2085 880 2174 gradum
905 2085 1055 2169 adducta,
1083 2099 1236 2174 appar·et;
1267 2069 1323 2154 bed
1344 2081 1462 2155 multas
1487 2065 1634 2154 horridas
1656 2095 1688 2148 et
1703 2074 1834 2152 scabras
1858 2110 1933 2152 ver-

512 2226 633 2294 borum
655 2226 776 2292 formas
799 2207 1022 2316 orationisque
1051 2228 1301 2314 compositiones
1323 2229 1472 2320 Orphica
1493 2241 1578 2296 aetas
1608 2223 1778 2292 retinuisse
1799 2223 1932 2305 videtur,

512 2389 593 2456 quas
615 2367 831 2432 Homericum
853 2390 979 2432 sevum·
991 2387 1060 2432 non
1077 2366 1218 2452 ,amplius
1238 2363 1416 2452 probabat„
1450 2380 1486 2437 st
1505 2327 1692 2434 cultionbds
1717 2361 1850 2430 auribus
1871 2387 1932 2432 noa

512 2504 744 2570 convenientes
763 2504 942 2590 rejiciebat:
964 2505 1059 2570 sicuti
1080 2503 1114 2568 in
1132 2515 1205 2569 arte
1216 2507 1374 2574 stahraria
1392 2505 1592 2573 horridiores
1611 2501 1845 2596 rigidioresque
1867 2505 1934 2570 ior-

514 2615 590 2707 mad
610 2606 732 2710 mhltae
750 2640 931 2708 elaboratae
950 2655 1043 2724 sunt,
1065 2645 1272 2732 priusquam,
1294 2644 1493 2712 mollioribus
1516 2639 1625 2718 sactis,
1649 2638 1722 2706 iliae
1742 2661 1932 2727 respueren-

512 2792 577 2846 tur.
625 2779 867 2852 Verumtamen
885 2784 948 2852 bac
969 2784 1069 2852 animi
1090 2783 1256 2870 voluptate
1281 2784 1368 2870 ipsos
1388 2783 1455 2866 jam
1471 2779 1617 2844 Graecos
1638 2779 1796 2862 temporis
1818 2771 1933 2866 injuris

513 2917 677 2984 fraudatos
705 2941 775 2986 esse
803 2921 966 3007 suspicor,
998 2932 1087 2985 certe
1113 2943 1156 2988 ex
1186 2943 1251 3007 quo
1280 2919 1481 3010 expeditiore
1503 2937 1566 2988 usu
1590 2885 1731 2980 scribere
1747 2913 1933 2998 didicerant,

511 3057 576 3120 boe
597 3068 665 3134 est,
696 3055 772 3120 inde
790 3081 811 3122 s
830 3044 938 3124 seculo
961 3061 1104 3144 septimo
1124 3071 1205 3122 aute.
1220 3060 1302 3124 Clu.
1349 3053 1526 3144 Pascebant
1546 3050 1676 3136 quidem
1694 3049 1846 3118 credulos
1864 3057 1932 3122 eui·

513 3217 585 3260 mos
606 3196 695 3260 tenui
717 3153 904 3260 carminum·
920 3193 1055 3272 umbra,
1085 3191 1148 3258 fida
1176 3195 1315 3282 partim,
1346 3192 1467 3285 partim
1489 3189 1608 3269 fallaci,
1637 3211 1738 3276 quam
1763 3211 1827 3278 pro
1856 3216 1929 3260 vero

513 3331 671 3421 Orpheo,
704 3330 870 3400 fraudibus
899 3357 1029 3420 semper
1057 3334 1272 3400 accommodo
1293 3332 1441 3412 nomine,
1473 3330 1708 3396 substituerent
1733 3332 1928 3420 impostores

513 3470 623 3563 Quem
643 3491 772 3534 morem
798 3483 831 3536 et
855 3471 1016 3538 rationem
1039 3471 1250 3548 multitude
1271 3480 1549 3559 quoquetenent,
1588 3468 1649 3554 qui*
1667 3469 1704 3538 iu
1724 3470 1843 3536 noetus
1862 3493 1927 3536 car·

510 3607 652 3682 minibus
677 3605 832 3693 Orphicis
861 3607 1129 3696 praeclarissimas
1156 3611 1351 3692 sententias,
1387 3629 1430 3678 ex
1457 3595 1570 3698 ipsius'
1585 3607 1713 3695 Orphei
1742 3606 1855 3674 divino
1876 3631 1927 3674 ore

512 3724 610 3834 susas,
630 3751 691 3818 sibi
713 3751 817 3838 legere
836 3747 999 3832 videntur.
1023 3748 1201 3820 ,Nonnulla
1223 3747 1354 3833 quidem
1374 3749 1567 3838 perantiqua
1587 3748 1622 3815 in
1642 3747 1710 3812 istis
1726 3759 1818 3827 sunt,
1836 3769 1926 3835 prae·

511 3893 606 3978 cipue
623 3889 660 3955 in
683 3887 819 3974 hymnis
839 3899 872 3952 et
891 3885 929 3952 iis
949 3885 1152 3973 fragmentis,
1179 3907 1260 3970 quae
1277 3883 1321 3949 ab
1342 3887 1576 3974 antiquioribus
1597 3887 1825 3975 scriptoribus,
1858 3891 1926 3958 Pla·

509 4041 603 4106 tone,
635 4025 827 4106 Aristotele,
857 4025 941 4106 aliis,
978 4023 1167 4106 laudantur3
1202 4035 1317 4110 utpote
1341 4045 1423 4110 quae
1447 4027 1585 4096 Hesiodi
1602 4039 1701 4126 ,atque
1721 4025 1862 4095 Homeri
1885 4025 1926 4092 si-

508 4169 585 4234 mile
606 4164 759 4253 quiddam
781 4174 914 4244 sonent,
946 4161 1038 4226 etad
1061 4166 1205 4231 seculum
1227 4173 1300 4228 ante
1329 4163 1409 4233 Chr.
1438 4177 1587 4245 mutum,
1625 4185 1689 4250 quo
1711 4161 1797 4250 apud
1820 4162 1926 4230 Aste-

508 4305 635 4384 uienses
655 4303 811 4374 Pisistrati
831 4301 1168 4392 Pisistratidarumque
1195 4299 1305 4366 florrdt
1325 4305 1493 4387 tyrannis,
1522 4315 1558 4368 et
1584 4303 1805 4390 Pythagoras,
1838 4303 1926 4384 eujus

506 4445 651 4512 scisciam
678 4444 832 4531 pleraque
859 4433 1024 4522 redolent,
1057 4463 1211 4531 magnam
1240 4409 1465 4508 auctoritatem
1495 4456 1608 4524 nactus
1640 4452 1726 4522 erat,
1758 4439 1929 4513 reserersda

484 4585 588 4652 ¹siut:
624 4581 683 4648 alia
710 4593 819 4648 autem
851 4579 903 4648 his
930 4581 1033 4650 multo
1063 4583 1245 4650 recentiora
1262 4605 1333 4651 esse
1352 4595 1505 4674 apparet,
1538 4579 1659 4674 quippe
1680 4601 1778 4666 quae,
1811 4581 1928 4646 utalia

1785 4721 1929 4795 redelor
