<?xml version="1.0" encoding="UTF-8"?>
<!DOCTYPE html PUBLIC "-//W3C//DTD XHTML 1.0 Transitional//EN"
    "http://www.w3.org/TR/xhtml1/DTD/xhtml1-transitional.dtd">
<html xmlns="http://www.w3.org/1999/xhtml" xml:lang="en" lang="en">
 <head>
  <title>
</title>
<meta http-equiv="Content-Type" content="text/html;charset=utf-8" />
  <meta name='ocr-system' content='tesseract 3.04.00' />
  <meta name='ocr-capabilities' content='ocr_page ocr_carea ocr_par ocr_line ocrx_word'/>
</head>
<body>
  <div class='ocr_page' id='page_1' title='image "./commentatiodeor00bodegoog_0016.png"; bbox 0 0 4168 5886; ppageno 0'>
   <div class='ocr_carea' id='block_1_1' title="bbox 109 509 1625 3207">
    <p class='ocr_par' dir='ltr' id='par_1_1' title="bbox 721 509 998 644">
     <span class='ocr_line' id='line_1_1' title="bbox 721 509 998 644; baseline 0.007 -2"><span class='ocrx_word' id='word_1_1' title='bbox 721 509 998 644; x_wconf 59' lang='grc' dir='ltr'><strong>...ἑ-.-</strong></span> 
     </span>
    </p>

    <p class='ocr_par' dir='ltr' id='par_1_2' title="bbox 109 757 1625 3207">
     <span class='ocr_line' id='line_1_2' title="bbox 227 757 1573 848; baseline 0.003 -26"><span class='ocrx_word' id='word_1_2' title='bbox 227 757 294 822; x_wconf 81' lang='lat' dir='ltr'><strong>ntis</strong></span> <span class='ocrx_word' id='word_1_3' title='bbox 315 777 396 821; x_wconf 85' lang='lat' dir='ltr'><strong>vero</strong></span> <span class='ocrx_word' id='word_1_4' title='bbox 416 759 531 846; x_wconf 87' lang='lat' dir='ltr'><strong>primis</strong></span> <span class='ocrx_word' id='word_1_5' title='bbox 553 757 710 826; x_wconf 77' lang='lat' dir='ltr'><strong>Graeciae</strong></span> <span class='ocrx_word' id='word_1_6' title='bbox 736 760 960 848; x_wconf 75' lang='lat' dir='ltr'><strong>temporibus,</strong></span> <span class='ocrx_word' id='word_1_7' title='bbox 990 759 1026 823; x_wconf 83' lang='lat' dir='ltr'><strong>in</strong></span> <span class='ocrx_word' id='word_1_8' title='bbox 1054 776 1194 843; x_wconf 87' lang='lat' dir='ltr'><strong>quorum</strong></span> <span class='ocrx_word' id='word_1_9' title='bbox 1215 757 1358 824; x_wconf 86' lang='lat' dir='ltr'><strong>tenebris</strong></span> <span class='ocrx_word' id='word_1_10' title='bbox 1380 761 1573 848; x_wconf 64' lang='lat' dir='ltr'><strong>ingeniosis-‘s</strong></span> 
     </span>
     <span class='ocr_line' id='line_1_3' title="bbox 142 896 1570 990; baseline 0.001 -26"><span class='ocrx_word' id='word_1_11' title='bbox 142 900 223 964; x_wconf 82' lang='lat' dir='ltr'><strong>sima</strong></span> <span class='ocrx_word' id='word_1_12' title='bbox 244 911 323 986; x_wconf 84' lang='lat' dir='ltr'><strong>gen&#39;s</strong></span> <span class='ocrx_word' id='word_1_13' title='bbox 345 901 450 966; x_wconf 85' lang='lat' dir='ltr'><strong>omnis</strong></span> <span class='ocrx_word' id='word_1_14' title='bbox 472 901 631 990; x_wconf 90' lang='lat' dir='ltr'><strong>politioris</strong></span> <span class='ocrx_word' id='word_1_15' title='bbox 652 901 864 970; x_wconf 87' lang='lat' dir='ltr'><strong>humanitatis</strong></span> <span class='ocrx_word' id='word_1_16' title='bbox 888 899 1028 978; x_wconf 87' lang='lat' dir='ltr'><strong>semina,</strong></span> <span class='ocrx_word' id='word_1_17' title='bbox 1058 896 1125 981; x_wconf 85' lang='lat' dir='ltr'><strong>jam</strong></span> <span class='ocrx_word' id='word_1_18' title='bbox 1148 909 1275 962; x_wconf 87' lang='lat' dir='ltr'><strong>mature</strong></span> <span class='ocrx_word' id='word_1_19' title='bbox 1296 901 1395 983; x_wconf 81' lang='lat' dir='ltr'><strong>jacta,</strong></span> <span class='ocrx_word' id='word_1_20' title='bbox 1419 899 1570 988; x_wconf 86' lang='lat' dir='ltr'><strong>proferre</strong></span> 
     </span>
     <span class='ocr_line' id='line_1_4' title="bbox 142 1017 1566 1129; baseline 0.002 -28"><span class='ocrx_word' id='word_1_21' title='bbox 142 1051 308 1126; x_wconf 86' lang='lat' dir='ltr'><strong>coeperat,</strong></span> <span class='ocrx_word' id='word_1_22' title='bbox 340 1041 421 1106; x_wconf 88' lang='lat' dir='ltr'><strong>nihil</strong></span> <span class='ocrx_word' id='word_1_23' title='bbox 451 1017 734 1129; x_wconf 69' lang='lat' dir='ltr'><strong>expavescendum</strong></span> <span class='ocrx_word' id='word_1_24' title='bbox 758 1053 821 1121; x_wconf 88' lang='lat' dir='ltr'><strong>est,</strong></span> <span class='ocrx_word' id='word_1_25' title='bbox 851 1018 1037 1126; x_wconf 81' lang='lat' dir='ltr'><strong>ubicunque</strong></span> <span class='ocrx_word' id='word_1_26' title='bbox 1057 1039 1191 1106; x_wconf 86' lang='lat' dir='ltr'><strong>historia</strong></span> <span class='ocrx_word' id='word_1_27' title='bbox 1219 1063 1287 1104; x_wconf 91' lang='lat' dir='ltr'><strong>uon</strong></span> <span class='ocrx_word' id='word_1_28' title='bbox 1318 1023 1408 1104; x_wconf 81' lang='lat' dir='ltr'><strong>clara·</strong></span> <span class='ocrx_word' id='word_1_29' title='bbox 1431 1051 1566 1104; x_wconf 83' lang='lat' dir='ltr'><strong>roceto</strong></span> 
     </span>
     <span class='ocr_line' id='line_1_5' title="bbox 109 1176 1567 1276; baseline -0.001 -32"><span class='ocrx_word' id='word_1_30' title='bbox 109 1198 118 1210; x_wconf 72' lang='lat'><em>⁴</em></span> <span class='ocrx_word' id='word_1_31' title='bbox 141 1179 335 1266; x_wconf 82' lang='lat' dir='ltr'><strong>alloquatur,</strong></span> <span class='ocrx_word' id='word_1_32' title='bbox 356 1179 413 1245; x_wconf 87' lang='lat' dir='ltr'><strong>sed</strong></span> <span class='ocrx_word' id='word_1_33' title='bbox 435 1179 573 1246; x_wconf 81' lang='lat' dir='ltr'><strong>obscure</strong></span> <span class='ocrx_word' id='word_1_34' title='bbox 594 1193 736 1276; x_wconf 85' lang='lat' dir='ltr'><strong>tautum,</strong></span> <span class='ocrx_word' id='word_1_35' title='bbox 760 1192 793 1244; x_wconf 84' lang='lat' dir='ltr'><strong>et</strong></span> <span class='ocrx_word' id='word_1_36' title='bbox 819 1180 907 1264; x_wconf 89' lang='lat' dir='ltr'><strong>qnasi</strong></span> <span class='ocrx_word' id='word_1_37' title='bbox 931 1199 992 1266; x_wconf 88' lang='lat' dir='ltr'><strong>per</strong></span> <span class='ocrx_word' id='word_1_38' title='bbox 1014 1178 1184 1266; x_wconf 81' lang='lat' dir='ltr'>ambages:</span> <span class='ocrx_word' id='word_1_39' title='bbox 1213 1176 1312 1242; x_wconf 83' lang='lat' dir='ltr'><strong>modo</strong></span> <span class='ocrx_word' id='word_1_40' title='bbox 1333 1197 1448 1242; x_wconf 86' lang='lat' dir='ltr'><strong>omnes</strong></span> <span class='ocrx_word' id='word_1_41' title='bbox 1468 1188 1567 1242; x_wconf 81' lang='lat' dir='ltr'><strong>testes</strong></span> 
     </span>
     <span class='ocr_line' id='line_1_6' title="bbox 139 1309 1565 1406; baseline 0.001 -26"><span class='ocrx_word' id='word_1_42' title='bbox 139 1315 306 1397; x_wconf 77' lang='lat' dir='ltr'>adhibeas,</span> <span class='ocrx_word' id='word_1_43' title='bbox 341 1339 482 1403; x_wconf 87' lang='lat' dir='ltr'><strong>quorum</strong></span> <span class='ocrx_word' id='word_1_44' title='bbox 515 1309 695 1386; x_wconf 84' lang='lat' dir='ltr'><strong>rationibus</strong></span> <span class='ocrx_word' id='word_1_45' title='bbox 730 1330 763 1384; x_wconf 86' lang='lat' dir='ltr'><strong>et</strong></span> <span class='ocrx_word' id='word_1_46' title='bbox 793 1317 993 1406; x_wconf 73' lang='lat' dir='ltr'>argumentis</span> <span class='ocrx_word' id='word_1_47' title='bbox 1019 1316 1105 1380; x_wconf 88' lang='lat' dir='ltr'><strong>lente</strong></span> <span class='ocrx_word' id='word_1_48' title='bbox 1139 1315 1329 1403; x_wconf 69' lang='lat' dir='ltr'><strong>exploratis,</strong></span> <span class='ocrx_word' id='word_1_49' title='bbox 1365 1317 1565 1406; x_wconf 74' lang='lat' dir='ltr'>perpetuitas</span> 
     </span>
     <span class='ocr_line' id='line_1_7' title="bbox 139 1455 1625 1547; baseline 0.001 -27"><span class='ocrx_word' id='word_1_50' title='bbox 139 1467 170 1520; x_wconf 89' lang='lat' dir='ltr'><strong>et</strong></span> <span class='ocrx_word' id='word_1_51' title='bbox 191 1479 296 1521; x_wconf 75' lang='lat' dir='ltr'><strong>nexus</strong></span> <span class='ocrx_word' id='word_1_52' title='bbox 322 1457 454 1542; x_wconf 88' lang='lat' dir='ltr'><strong>quidam</strong></span> <span class='ocrx_word' id='word_1_53' title='bbox 477 1457 643 1524; x_wconf 86' lang='lat' dir='ltr'><strong>efficiatur.</strong></span> <span class='ocrx_word' id='word_1_54' title='bbox 692 1459 766 1544; x_wconf 88' lang='lat' dir='ltr'><strong>Qua</strong></span> <span class='ocrx_word' id='word_1_55' title='bbox 788 1457 881 1522; x_wconf 87' lang='lat' dir='ltr'><strong>inre</strong></span> <span class='ocrx_word' id='word_1_56' title='bbox 904 1455 930 1520; x_wconf 88' lang='lat' dir='ltr'><strong>si</strong></span> <span class='ocrx_word' id='word_1_57' title='bbox 950 1465 1136 1520; x_wconf 73' lang='lat' dir='ltr'><strong>constanter</strong></span> <span class='ocrx_word' id='word_1_58' title='bbox 1156 1457 1313 1539; x_wconf 83' lang='lat' dir='ltr'><strong>versaris,</strong></span> <span class='ocrx_word' id='word_1_59' title='bbox 1342 1471 1440 1524; x_wconf 88' lang='lat' dir='ltr'><strong>nutus</strong></span> <span class='ocrx_word' id='word_1_60' title='bbox 1460 1458 1563 1547; x_wconf 89' lang='lat' dir='ltr'><strong>probe</strong></span> <span class='ocrx_word' id='word_1_61' title='bbox 1614 1466 1625 1488; x_wconf 84' lang='lat'><strong>·</strong></span> 
     </span>
     <span class='ocr_line' id='line_1_8' title="bbox 138 1577 1563 1684; baseline 0 -26"><span class='ocrx_word' id='word_1_62' title='bbox 138 1607 294 1682; x_wconf 80' lang='lat' dir='ltr'><strong>exceptus</strong></span> <span class='ocrx_word' id='word_1_63' title='bbox 321 1597 478 1679; x_wconf 78' lang='lat' dir='ltr'><strong>majorem</strong></span> <span class='ocrx_word' id='word_1_64' title='bbox 501 1598 627 1684; x_wconf 85' lang='lat' dir='ltr'><strong>saepius</strong></span> <span class='ocrx_word' id='word_1_65' title='bbox 650 1597 721 1660; x_wconf 89' lang='lat' dir='ltr'><strong>vim</strong></span> <span class='ocrx_word' id='word_1_66' title='bbox 742 1595 841 1660; x_wconf 89' lang='lat' dir='ltr'><strong>habet</strong></span> <span class='ocrx_word' id='word_1_67' title='bbox 863 1595 903 1658; x_wconf 85' lang='lat' dir='ltr'><strong>ad</strong></span> <span class='ocrx_word' id='word_1_68' title='bbox 925 1595 972 1659; x_wconf 79' lang='lat' dir='ltr'><strong>rei</strong></span> <span class='ocrx_word' id='word_1_69' title='bbox 993 1577 1101 1682; x_wconf 80' lang='lat' dir='ltr'><strong>gestae</strong></span> <span class='ocrx_word' id='word_1_70' title='bbox 1123 1595 1294 1661; x_wconf 85' lang='lat' dir='ltr'><strong>veritatem</strong></span> <span class='ocrx_word' id='word_1_71' title='bbox 1322 1594 1563 1672; x_wconf 84' lang='lat' dir='ltr'><strong>inveniendam,</strong></span> 
     </span>
     <span class='ocr_line' id='line_1_9' title="bbox 136 1665 1562 1825; baseline -0.001 -30"><span class='ocrx_word' id='word_1_72' title='bbox 136 1754 234 1818; x_wconf 87' lang='lat' dir='ltr'><strong>quam</strong></span> <span class='ocrx_word' id='word_1_73' title='bbox 258 1734 340 1800; x_wconf 84' lang='lat' dir='ltr'><strong>clara</strong></span> <span class='ocrx_word' id='word_1_74' title='bbox 364 1736 509 1818; x_wconf 75' lang='lat' dir='ltr'><strong>corrupti</strong></span> <span class='ocrx_word' id='word_1_75' title='bbox 530 1735 619 1798; x_wconf 84' lang='lat' dir='ltr'><strong>testis</strong></span> <span class='ocrx_word' id='word_1_76' title='bbox 642 1757 721 1800; x_wconf 81' lang='lat' dir='ltr'><strong>vox.</strong></span> <span class='ocrx_word' id='word_1_77' title='bbox 763 1733 866 1816; x_wconf 83' lang='lat' dir='ltr'><strong>Atqui</strong></span> <span class='ocrx_word' id='word_1_78' title='bbox 889 1732 983 1815; x_wconf 88' lang='lat' dir='ltr'><strong>plura</strong></span> <span class='ocrx_word' id='word_1_79' title='bbox 1005 1665 1152 1809; x_wconf 55' lang='lat' dir='ltr'><strong>sonasse</strong></span> <span class='ocrx_word' id='word_1_80' title='bbox 1175 1731 1290 1816; x_wconf 90' lang='lat' dir='ltr'><strong>quibus</strong></span> <span class='ocrx_word' id='word_1_81' title='bbox 1314 1732 1562 1825; x_wconf 14' lang='lat' dir='ltr'><strong>historiakptano</strong></span> 
     </span>
     <span class='ocr_line' id='line_1_10' title="bbox 135 1857 1561 1966; baseline 0.001 -33"><span class='ocrx_word' id='word_1_82' title='bbox 135 1881 235 1934; x_wconf 86' lang='lat' dir='ltr'><strong>tacet:</strong></span> <span class='ocrx_word' id='word_1_83' title='bbox 266 1891 380 1966; x_wconf 81' lang='lat' dir='ltr'><strong>eorum</strong></span> <span class='ocrx_word' id='word_1_84' title='bbox 409 1881 657 1960; x_wconf 32' lang='lat' dir='ltr'><strong>tamenlrratura</strong></span> <span class='ocrx_word' id='word_1_85' title='bbox 686 1871 757 1937; x_wconf 86' lang='lat' dir='ltr'><strong>talia</strong></span> <span class='ocrx_word' id='word_1_86' title='bbox 778 1872 972 1957; x_wconf 83' lang='lat' dir='ltr'><strong>plerumque</strong></span> <span class='ocrx_word' id='word_1_87' title='bbox 1001 1877 1065 1944; x_wconf 87' lang='lat' dir='ltr'><strong>cst,</strong></span> <span class='ocrx_word' id='word_1_88' title='bbox 1095 1876 1133 1930; x_wconf 88' lang='lat' dir='ltr'><strong>ut</strong></span> <span class='ocrx_word' id='word_1_89' title='bbox 1149 1867 1205 1931; x_wconf 73' lang='lat' dir='ltr'><strong>,vei</strong></span> <span class='ocrx_word' id='word_1_90' title='bbox 1234 1891 1276 1932; x_wconf 85' lang='lat' dir='ltr'><strong>ex</strong></span> <span class='ocrx_word' id='word_1_91' title='bbox 1298 1857 1488 1955; x_wconf 80' lang='lat' dir='ltr'><strong>praegressa</strong></span> <span class='ocrx_word' id='word_1_92' title='bbox 1507 1869 1561 1934; x_wconf 83' lang='lat' dir='ltr'><strong>vet</strong></span> 
     </span>
     <span class='ocr_line' id='line_1_11' title="bbox 137 2004 1561 2096; baseline 0 -28"><span class='ocrx_word' id='word_1_93' title='bbox 137 2027 178 2070; x_wconf 85' lang='lat' dir='ltr'><strong>ex</strong></span> <span class='ocrx_word' id='word_1_94' title='bbox 207 2016 363 2090; x_wconf 87' lang='lat' dir='ltr'><strong>sequente</strong></span> <span class='ocrx_word' id='word_1_95' title='bbox 384 2026 486 2087; x_wconf 85' lang='lat' dir='ltr'><strong>rooo,</strong></span> <span class='ocrx_word' id='word_1_96' title='bbox 523 2010 577 2074; x_wconf 88' lang='lat' dir='ltr'><strong>vel</strong></span> <span class='ocrx_word' id='word_1_97' title='bbox 603 2031 646 2075; x_wconf 86' lang='lat' dir='ltr'><strong>ex</strong></span> <span class='ocrx_word' id='word_1_98' title='bbox 669 2022 806 2096; x_wconf 88' lang='lat' dir='ltr'><strong>utraque</strong></span> <span class='ocrx_word' id='word_1_99' title='bbox 826 2007 937 2085; x_wconf 86' lang='lat' dir='ltr'><strong>simui,</strong></span> <span class='ocrx_word' id='word_1_100' title='bbox 967 2013 1054 2067; x_wconf 86' lang='lat' dir='ltr'><strong>certa</strong></span> <span class='ocrx_word' id='word_1_101' title='bbox 1083 2004 1268 2088; x_wconf 88' lang='lat' dir='ltr'><strong>conjectura</strong></span> <span class='ocrx_word' id='word_1_102' title='bbox 1297 2004 1369 2072; x_wconf 87' lang='lat' dir='ltr'><strong>fieri</strong></span> <span class='ocrx_word' id='word_1_103' title='bbox 1399 2018 1494 2092; x_wconf 85' lang='lat' dir='ltr'><strong>queat</strong></span> <span class='ocrx_word' id='word_1_104' title='bbox 1521 2004 1561 2068; x_wconf 86' lang='lat' dir='ltr'><strong>da</strong></span> 
     </span>
     <span class='ocr_line' id='line_1_12' title="bbox 135 2141 1570 2222; baseline 0.001 -16"><span class='ocrx_word' id='word_1_105' title='bbox 135 2145 261 2209; x_wconf 80' lang='lat' dir='ltr'><strong>silentio</strong></span> <span class='ocrx_word' id='word_1_106' title='bbox 288 2143 322 2208; x_wconf 91' lang='lat' dir='ltr'><strong>iu</strong></span> <span class='ocrx_word' id='word_1_107' title='bbox 352 2143 460 2208; x_wconf 88' lang='lat' dir='ltr'><strong>medio</strong></span> <span class='ocrx_word' id='word_1_108' title='bbox 487 2145 560 2210; x_wconf 85' lang='lat' dir='ltr'><strong>sito.</strong></span> <span class='ocrx_word' id='word_1_109' title='bbox 607 2148 660 2213; x_wconf 88' lang='lat' dir='ltr'><strong>Sic</strong></span> <span class='ocrx_word' id='word_1_110' title='bbox 691 2149 726 2213; x_wconf 89' lang='lat' dir='ltr'><strong>iu</strong></span> <span class='ocrx_word' id='word_1_111' title='bbox 747 2144 934 2211; x_wconf 84' lang='lat' dir='ltr'><strong>Homericis</strong></span> <span class='ocrx_word' id='word_1_112' title='bbox 958 2143 1155 2210; x_wconf 80' lang='lat' dir='ltr'><strong>carminibus</strong></span> <span class='ocrx_word' id='word_1_113' title='bbox 1185 2145 1305 2210; x_wconf 84' lang='lat' dir='ltr'><strong>multae</strong></span> <span class='ocrx_word' id='word_1_114' title='bbox 1335 2155 1419 2209; x_wconf 86' lang='lat' dir='ltr'><strong>artes</strong></span> <span class='ocrx_word' id='word_1_115' title='bbox 1449 2157 1482 2208; x_wconf 88' lang='lat' dir='ltr'><strong>et</strong></span> <span class='ocrx_word' id='word_1_116' title='bbox 1507 2141 1570 2222; x_wconf 63' lang='lat' dir='ltr'><strong>fs,</strong></span> 
     </span>
     <span class='ocr_line' id='line_1_13' title="bbox 135 2278 1560 2382; baseline -0.001 -36"><span class='ocrx_word' id='word_1_117' title='bbox 135 2283 244 2362; x_wconf 88' lang='lat' dir='ltr'><strong>bulae,</strong></span> <span class='ocrx_word' id='word_1_118' title='bbox 267 2283 433 2366; x_wconf 83' lang='lat' dir='ltr'><strong>multaque</strong></span> <span class='ocrx_word' id='word_1_119' title='bbox 452 2282 595 2346; x_wconf 87' lang='lat' dir='ltr'><strong>instituta</strong></span> <span class='ocrx_word' id='word_1_120' title='bbox 617 2306 685 2348; x_wconf 89' lang='lat' dir='ltr'><strong>non</strong></span> <span class='ocrx_word' id='word_1_121' title='bbox 708 2297 952 2382; x_wconf 82' lang='lat' dir='ltr'><strong>memqrantur‚</strong></span> <span class='ocrx_word' id='word_1_122' title='bbox 975 2304 1059 2368; x_wconf 86' lang='lat' dir='ltr'><strong>quae</strong></span> <span class='ocrx_word' id='word_1_123' title='bbox 1081 2291 1189 2346; x_wconf 86' lang='lat' dir='ltr'><strong>tamen</strong></span> <span class='ocrx_word' id='word_1_124' title='bbox 1212 2305 1255 2348; x_wconf 83' lang='lat' dir='ltr'><strong>ex</strong></span> <span class='ocrx_word' id='word_1_125' title='bbox 1275 2278 1344 2348; x_wconf 62' lang='lat' dir='ltr'><strong>illis*</strong></span> <span class='ocrx_word' id='word_1_126' title='bbox 1360 2282 1560 2370; x_wconf 71' lang='lat' dir='ltr'><strong>argumentis</strong></span> 
     </span>
     <span class='ocr_line' id='line_1_14' title="bbox 133 2387 1560 2512; baseline 0 -30"><span class='ocrx_word' id='word_1_127' title='bbox 133 2431 260 2483; x_wconf 88' lang='lat' dir='ltr'><strong>certum</strong></span> <span class='ocrx_word' id='word_1_128' title='bbox 288 2429 337 2481; x_wconf 89' lang='lat' dir='ltr'><strong>est</strong></span> <span class='ocrx_word' id='word_1_129' title='bbox 359 2417 500 2482; x_wconf 84' lang='lat' dir='ltr'><strong>Homeri</strong></span> <span class='ocrx_word' id='word_1_130' title='bbox 523 2421 727 2506; x_wconf 84' lang='lat' dir='ltr'><strong>temporibus</strong></span> <span class='ocrx_word' id='word_1_131' title='bbox 748 2425 876 2512; x_wconf 83' lang='lat' dir='ltr'><strong>cognita</strong></span> <span class='ocrx_word' id='word_1_132' title='bbox 893 2421 1005 2491; x_wconf 82' lang='lat' dir='ltr'><strong>inisse.</strong></span> <span class='ocrx_word' id='word_1_133' title='bbox 1058 2422 1240 2510; x_wconf 80' lang='lat' dir='ltr'><strong>Aptissima</strong></span> <span class='ocrx_word' id='word_1_134' title='bbox 1259 2387 1295 2487; x_wconf 88' lang='lat' dir='ltr'><strong>in</strong></span> <span class='ocrx_word' id='word_1_135' title='bbox 1319 2420 1404 2483; x_wconf 88' lang='lat' dir='ltr'><strong>hauc</strong></span> <span class='ocrx_word' id='word_1_136' title='bbox 1424 2430 1560 2482; x_wconf 84' lang='lat' dir='ltr'><strong>senten-</strong></span> 
     </span>
     <span class='ocr_line' id='line_1_15' title="bbox 126 2523 1558 2649; baseline 0.003 -33"><span class='ocrx_word' id='word_1_137' title='bbox 126 2523 210 2618; x_wconf 73' lang='lat' dir='ltr'><strong>tiam</strong></span> <span class='ocrx_word' id='word_1_138' title='bbox 233 2553 288 2618; x_wconf 86' lang='lat' dir='ltr'><strong>Fr.</strong></span> <span class='ocrx_word' id='word_1_139' title='bbox 311 2553 400 2639; x_wconf 80' lang='lat' dir='ltr'><strong>Aug.</strong></span> <span class='ocrx_word' id='word_1_140' title='bbox 421 2553 584 2636; x_wconf 87' lang='lat' dir='ltr'><strong>Wolfius,</strong></span> <span class='ocrx_word' id='word_1_141' title='bbox 615 2557 730 2625; x_wconf 88' lang='lat' dir='ltr'><strong>bacin</strong></span> <span class='ocrx_word' id='word_1_142' title='bbox 751 2571 820 2624; x_wconf 88' lang='lat' dir='ltr'><strong>arte</strong></span> <span class='ocrx_word' id='word_1_143' title='bbox 841 2558 934 2626; x_wconf 86' lang='lat' dir='ltr'><strong>sacile</strong></span> <span class='ocrx_word' id='word_1_144' title='bbox 952 2562 1123 2649; x_wconf 72' lang='lat' dir='ltr'><strong>princepsa</strong></span> <span class='ocrx_word' id='word_1_145' title='bbox 1157 2559 1244 2626; x_wconf 85' lang='lat' dir='ltr'><strong>“Est</strong></span> <span class='ocrx_word' id='word_1_146' title='bbox 1265 2560 1349 2626; x_wconf 87' lang='lat' dir='ltr'><strong>haud</strong></span> <span class='ocrx_word' id='word_1_147' title='bbox 1370 2559 1482 2639; x_wconf 87' lang='lat' dir='ltr'><strong>dubie,</strong></span> <span class='ocrx_word' id='word_1_148' title='bbox 1502 2559 1558 2622; x_wconf 87' lang='lat' dir='ltr'><strong>in-</strong></span> 
     </span>
     <span class='ocr_line' id='line_1_16' title="bbox 132 2670 1559 2790; baseline 0.004 -37"><span class='ocrx_word' id='word_1_149' title='bbox 132 2691 217 2778; x_wconf 87' lang='lat' dir='ltr'><strong>quit,</strong></span> <span class='ocrx_word' id='word_1_150' title='bbox 248 2689 413 2754; x_wconf 86' lang='lat' dir='ltr'><strong>silentium</strong></span> <span class='ocrx_word' id='word_1_151' title='bbox 435 2670 597 2778; x_wconf 81' lang='lat' dir='ltr'><strong>quoddam</strong></span> <span class='ocrx_word' id='word_1_152' title='bbox 627 2696 745 2790; x_wconf 77' lang='lat' dir='ltr'><strong>quilius</strong></span> <span class='ocrx_word' id='word_1_153' title='bbox 763 2701 940 2781; x_wconf 86' lang='lat' dir='ltr'><strong>momenti,</strong></span> <span class='ocrx_word' id='word_1_154' title='bbox 972 2703 1068 2768; x_wconf 82' lang='lat' dir='ltr'><strong>erin</strong></span> <span class='ocrx_word' id='word_1_155' title='bbox 1090 2716 1239 2769; x_wconf 86' lang='lat' dir='ltr'><strong>neutram</strong></span> <span class='ocrx_word' id='word_1_156' title='bbox 1268 2712 1395 2789; x_wconf 88' lang='lat' dir='ltr'><strong>partem</strong></span> <span class='ocrx_word' id='word_1_157' title='bbox 1423 2695 1559 2762; x_wconf 90' lang='lat' dir='ltr'><strong>trahen-</strong></span> 
     </span>
     <span class='ocr_line' id='line_1_17' title="bbox 131 2816 1578 2928; baseline 0.008 -35"><span class='ocrx_word' id='word_1_158' title='bbox 131 2831 231 2909; x_wconf 77' lang='lat' dir='ltr'><strong>dum3</strong></span> <span class='ocrx_word' id='word_1_159' title='bbox 254 2816 367 2894; x_wconf 73' lang='lat' dir='ltr'><strong>con&#39;tra</strong></span> <span class='ocrx_word' id='word_1_160' title='bbox 389 2829 474 2894; x_wconf 87' lang='lat' dir='ltr'><strong>aliud</strong></span> <span class='ocrx_word' id='word_1_161' title='bbox 495 2845 544 2897; x_wconf 87' lang='lat' dir='ltr'><strong>cst</strong></span> <span class='ocrx_word' id='word_1_162' title='bbox 565 2847 732 2922; x_wconf 89' lang='lat' dir='ltr'><strong>argutum,</strong></span> <span class='ocrx_word' id='word_1_163' title='bbox 754 2849 800 2918; x_wconf 89' lang='lat' dir='ltr'><strong>et,</strong></span> <span class='ocrx_word' id='word_1_164' title='bbox 823 2839 923 2905; x_wconf 81' lang='lat' dir='ltr'><strong>atita</strong></span> <span class='ocrx_word' id='word_1_165' title='bbox 948 2837 1071 2924; x_wconf 84' lang='lat' dir='ltr'><strong>dicam,</strong></span> <span class='ocrx_word' id='word_1_166' title='bbox 1094 2843 1220 2922; x_wconf 83' lang='lat' dir='ltr'><strong>vocale,</strong></span> <span class='ocrx_word' id='word_1_167' title='bbox 1249 2839 1382 2928; x_wconf 84' lang='lat' dir='ltr'><strong>quodsi</strong></span> <span class='ocrx_word' id='word_1_168' title='bbox 1405 2857 1472 2900; x_wconf 89' lang='lat' dir='ltr'><strong>nou</strong></span> <span class='ocrx_word' id='word_1_169' title='bbox 1496 2857 1578 2904; x_wconf 49' lang='lat' dir='ltr'><strong>ca·¹</strong></span> 
     </span>
     <span class='ocr_line' id='line_1_18' title="bbox 131 2965 1553 3066; baseline 0.008 -37"><span class='ocrx_word' id='word_1_170' title='bbox 131 2979 296 3054; x_wconf 84' lang='lat' dir='ltr'><strong>pugnatur</strong></span> <span class='ocrx_word' id='word_1_171' title='bbox 327 2965 495 3036; x_wconf 88' lang='lat' dir='ltr'><strong>diversum</strong></span> <span class='ocrx_word' id='word_1_172' title='bbox 528 2975 716 3038; x_wconf 87' lang='lat' dir='ltr'><strong>testantium</strong></span> <span class='ocrx_word' id='word_1_173' title='bbox 746 2979 950 3058; x_wconf 88' lang='lat' dir='ltr'><strong>auctoritate,</strong></span> <span class='ocrx_word' id='word_1_174' title='bbox 978 2984 1031 3046; x_wconf 88' lang='lat' dir='ltr'><strong>vel</strong></span> <span class='ocrx_word' id='word_1_175' title='bbox 1064 3003 1125 3062; x_wconf 84' lang='lat' dir='ltr'><strong>ea,.</strong></span> <span class='ocrx_word' id='word_1_176' title='bbox 1150 3001 1231 3066; x_wconf 86' lang='lat' dir='ltr'><strong>quae</strong></span> <span class='ocrx_word' id='word_1_177' title='bbox 1259 3001 1372 3042; x_wconf 87' lang='lat' dir='ltr'><strong>omnes</strong></span> <span class='ocrx_word' id='word_1_178' title='bbox 1404 2979 1553 3041; x_wconf 87' lang='lat' dir='ltr'><strong>omnium</strong></span> 
     </span>
     <span class='ocr_line' id='line_1_19' title="bbox 130 3105 1551 3207; baseline 0.007 -35"><span class='ocrx_word' id='word_1_179' title='bbox 130 3109 334 3172; x_wconf 81' lang='lat' dir='ltr'><strong>auctoritates</strong></span> <span class='ocrx_word' id='word_1_180' title='bbox 354 3105 492 3194; x_wconf 77' lang='lat' dir='ltr'><strong>frangit,</strong></span> <span class='ocrx_word' id='word_1_181' title='bbox 519 3109 663 3191; x_wconf 86' lang='lat' dir='ltr'><strong>ratione,</strong></span> <span class='ocrx_word' id='word_1_182' title='bbox 695 3111 780 3199; x_wconf 85' lang='lat' dir='ltr'><strong>apud</strong></span> <span class='ocrx_word' id='word_1_183' title='bbox 808 3111 1100 3198; x_wconf 82' lang='lat' dir='ltr'><strong>prudentissimum</strong></span> <span class='ocrx_word' id='word_1_184' title='bbox 1129 3140 1290 3206; x_wconf 87' lang='lat' dir='ltr'><strong>quemque</strong></span> <span class='ocrx_word' id='word_1_185' title='bbox 1316 3139 1446 3206; x_wconf 84' lang='lat' dir='ltr'><strong>semper</strong></span> <span class='ocrx_word' id='word_1_186' title='bbox 1475 3119 1551 3207; x_wconf 86' lang='lat' dir='ltr'><strong>plu·</strong></span> 
     </span>
    </p>
   </div>
   <div class='ocr_carea' id='block_1_2' title="bbox 129 3248 404 3326">
    <p class='ocr_par' dir='ltr' id='par_1_3' title="bbox 129 3248 404 3326">
     <span class='ocr_line' id='line_1_20' title="bbox 129 3248 404 3326; baseline 0.004 -13"><span class='ocrx_word' id='word_1_187' title='bbox 129 3249 251 3314; x_wconf 81' lang='lat' dir='ltr'><strong>rimam</strong></span> <span class='ocrx_word' id='word_1_188' title='bbox 273 3248 404 3326; x_wconf 47' lang='lat' dir='ltr'><strong>valuit?</strong></span> 
     </span>
    </p>
   </div>
   <div class='ocr_carea' id='block_1_3' title="bbox 789 3565 882 3688">
    <p class='ocr_par' dir='ltr' id='par_1_4' title="bbox 789 3565 882 3688">
     <span class='ocr_line' id='line_1_21' title="bbox 789 3565 882 3688; baseline -0.011 0"><span class='ocrx_word' id='word_1_189' title='bbox 789 3565 882 3688; x_wconf 78' lang='grc' dir='ltr'><strong>ΠΙ,</strong></span> 
     </span>
    </p>
   </div>
   <div class='ocr_carea' id='block_1_4' title="bbox 212 3785 1547 3888">
    <p class='ocr_par' dir='ltr' id='par_1_5' title="bbox 212 3785 1547 3888">
     <span class='ocr_line' id='line_1_22' title="bbox 212 3785 1547 3888; baseline 0.004 -32"><span class='ocrx_word' id='word_1_190' title='bbox 212 3789 370 3860; x_wconf 83' lang='lat' dir='ltr'><strong>Sed-satis</strong></span> <span class='ocrx_word' id='word_1_191' title='bbox 392 3785 535 3855; x_wconf 84' lang='lat' dir='ltr'><strong>diximus</strong></span> <span class='ocrx_word' id='word_1_192' title='bbox 562 3787 877 3882; x_wconf 65' lang='lat' dir='ltr'><strong>adiuuantibus,</strong></span> <span class='ocrx_word' id='word_1_193' title='bbox 909 3803 1024 3888; x_wconf 87' lang='lat' dir='ltr'><strong>quibus</strong></span> <span class='ocrx_word' id='word_1_194' title='bbox 1045 3813 1078 3868; x_wconf 88' lang='lat' dir='ltr'><strong>et</strong></span> <span class='ocrx_word' id='word_1_195' title='bbox 1098 3799 1174 3870; x_wconf 86' lang='lat' dir='ltr'><strong>oiim</strong></span> <span class='ocrx_word' id='word_1_196' title='bbox 1197 3813 1229 3867; x_wconf 88' lang='lat' dir='ltr'><strong>et</strong></span> <span class='ocrx_word' id='word_1_197' title='bbox 1250 3799 1345 3866; x_wconf 78' lang='lat' dir='ltr'><strong>hodie</strong></span> <span class='ocrx_word' id='word_1_198' title='bbox 1358 3796 1547 3870; x_wconf 73' lang='lat' dir='ltr'><strong>aromatica</strong></span> 
     </span>
    </p>
   </div>
   <div class='ocr_carea' id='block_1_5' title="bbox 124 3923 1549 4585">
    <p class='ocr_par' dir='ltr' id='par_1_6' title="bbox 124 3923 1549 4585">
     <span class='ocr_line' id='line_1_23' title="bbox 129 3923 1547 4028; baseline 0.004 -34"><span class='ocrx_word' id='word_1_199' title='bbox 129 3951 230 4016; x_wconf 88' lang='lat' dir='ltr'><strong>quum</strong></span> <span class='ocrx_word' id='word_1_200' title='bbox 252 3929 548 4018; x_wconf 75' lang='lat' dir='ltr'><strong>antiquissimarum</strong></span> <span class='ocrx_word' id='word_1_201' title='bbox 576 3953 688 3998; x_wconf 88' lang='lat' dir='ltr'><strong>rerum</strong></span> <span class='ocrx_word' id='word_1_202' title='bbox 718 3923 920 4006; x_wconf 83' lang='lat' dir='ltr'><strong>Graecarum</strong></span> <span class='ocrx_word' id='word_1_203' title='bbox 949 3939 1115 4024; x_wconf 86' lang='lat' dir='ltr'><strong>omnino‚-</strong></span> <span class='ocrx_word' id='word_1_204' title='bbox 1129 3953 1199 4008; x_wconf 88' lang='lat' dir='ltr'><strong>tum</strong></span> <span class='ocrx_word' id='word_1_205' title='bbox 1221 3939 1327 4028; x_wconf 87' lang='lat' dir='ltr'><strong>poesis</strong></span> <span class='ocrx_word' id='word_1_206' title='bbox 1347 3935 1547 4026; x_wconf 86' lang='lat' dir='ltr'><strong>primordio-</strong></span> 
     </span>
     <span class='ocr_line' id='line_1_24' title="bbox 127 4069 1549 4168; baseline 0.011 -37"><span class='ocrx_word' id='word_1_207' title='bbox 127 4083 202 4132; x_wconf 86' lang='lat' dir='ltr'><strong>rum</strong></span> <span class='ocrx_word' id='word_1_208' title='bbox 224 4069 363 4156; x_wconf 88' lang='lat' dir='ltr'><strong>cognitio</strong></span> <span class='ocrx_word' id='word_1_209' title='bbox 379 4071 559 4156; x_wconf 88' lang='lat' dir='ltr'><strong>premitur,</strong></span> <span class='ocrx_word' id='word_1_210' title='bbox 586 4084 618 4136; x_wconf 89' lang='lat' dir='ltr'><strong>ct</strong></span> <span class='ocrx_word' id='word_1_211' title='bbox 641 4071 681 4137; x_wconf 85' lang='lat' dir='ltr'><strong>dc</strong></span> <span class='ocrx_word' id='word_1_212' title='bbox 701 4079 861 4164; x_wconf 80' lang='lat' dir='ltr'><strong>probabili</strong></span> <span class='ocrx_word' id='word_1_213' title='bbox 879 4086 1021 4164; x_wconf 86' lang='lat' dir='ltr'><strong>ratione,</strong></span> <span class='ocrx_word' id='word_1_214' title='bbox 1048 4105 1110 4168; x_wconf 89' lang='lat' dir='ltr'><strong>qua</strong></span> <span class='ocrx_word' id='word_1_215' title='bbox 1132 4095 1164 4148; x_wconf 90' lang='lat' dir='ltr'><strong>te</strong></span> <span class='ocrx_word' id='word_1_216' title='bbox 1184 4084 1271 4150; x_wconf 82' lang='lat' dir='ltr'><strong>illinc</strong></span> <span class='ocrx_word' id='word_1_217' title='bbox 1291 4077 1451 4164; x_wconf 74' lang='lat' dir='ltr'><strong>expedias·</strong></span> <span class='ocrx_word' id='word_1_218' title='bbox 1493 4074 1549 4138; x_wconf 66' lang='lat' dir='ltr'><strong>Do</strong></span> 
     </span>
     <span class='ocr_line' id='line_1_25' title="bbox 126 4207 1546 4310; baseline 0.02 -43"><span class='ocrx_word' id='word_1_219' title='bbox 126 4207 283 4290; x_wconf 83' lang='lat' dir='ltr'><strong>gravitate</strong></span> <span class='ocrx_word' id='word_1_220' title='bbox 304 4219 337 4271; x_wconf 89' lang='lat' dir='ltr'><strong>ct</strong></span> <span class='ocrx_word' id='word_1_221' title='bbox 359 4209 505 4294; x_wconf 88' lang='lat' dir='ltr'><strong>pondere</strong></span> <span class='ocrx_word' id='word_1_222' title='bbox 531 4223 659 4278; x_wconf 87' lang='lat' dir='ltr'><strong>nostrae</strong></span> <span class='ocrx_word' id='word_1_223' title='bbox 688 4219 881 4301; x_wconf 87' lang='lat' dir='ltr'><strong>quaestionis</strong></span> <span class='ocrx_word' id='word_1_224' title='bbox 912 4221 952 4286; x_wconf 89' lang='lat' dir='ltr'><strong>de</strong></span> <span class='ocrx_word' id='word_1_225' title='bbox 974 4223 1118 4288; x_wconf 87' lang='lat' dir='ltr'><strong>Graecae</strong></span> <span class='ocrx_word' id='word_1_226' title='bbox 1143 4223 1250 4310; x_wconf 85' lang='lat' dir='ltr'><strong>poesis</strong></span> <span class='ocrx_word' id='word_1_227' title='bbox 1277 4220 1375 4284; x_wconf 85' lang='lat' dir='ltr'><strong>initiis</strong></span> <span class='ocrx_word' id='word_1_228' title='bbox 1402 4217 1459 4282; x_wconf 83' lang='lat' dir='ltr'><strong>vix</strong></span> <span class='ocrx_word' id='word_1_229' title='bbox 1488 4227 1546 4296; x_wconf 65' lang='lat'><strong>0⁸12</strong></span> 
     </span>
     <span class='ocr_line' id='line_1_26' title="bbox 125 4345 1543 4449; baseline 0.012 -42"><span class='ocrx_word' id='word_1_230' title='bbox 125 4345 214 4429; x_wconf 88' lang='lat' dir='ltr'><strong>quod</strong></span> <span class='ocrx_word' id='word_1_231' title='bbox 242 4346 342 4434; x_wconf 83' lang='lat' dir='ltr'><strong>longo</strong></span> <span class='ocrx_word' id='word_1_232' title='bbox 368 4349 536 4418; x_wconf 80' lang='lat' dir='ltr'><strong>molimine</strong></span> <span class='ocrx_word' id='word_1_233' title='bbox 563 4352 898 4440; x_wconf 66' lang='lat' dir='ltr'><strong>disputabastoctis</strong></span> <span class='ocrx_word' id='word_1_234' title='bbox 925 4359 1129 4443; x_wconf 81' lang='lat' dir='ltr'><strong>hominibus,</strong></span> <span class='ocrx_word' id='word_1_235' title='bbox 1165 4373 1201 4427; x_wconf 85' lang='lat' dir='ltr'><strong>ut</strong></span> <span class='ocrx_word' id='word_1_236' title='bbox 1225 4363 1280 4449; x_wconf 87' lang='lat' dir='ltr'><strong>qui</strong></span> <span class='ocrx_word' id='word_1_237' title='bbox 1301 4359 1415 4449; x_wconf 84' lang='lat' dir='ltr'><strong>probe.</strong></span> <span class='ocrx_word' id='word_1_238' title='bbox 1432 4360 1543 4442; x_wconf 88' lang='lat' dir='ltr'><strong>sciant,</strong></span> 
     </span>
     <span class='ocr_line' id='line_1_27' title="bbox 124 4475 1544 4585; baseline 0.011 -36"><span class='ocrx_word' id='word_1_239' title='bbox 124 4487 232 4554; x_wconf 85' lang='lat' dir='ltr'><strong>omnis</strong></span> <span class='ocrx_word' id='word_1_240' title='bbox 248 4487 404 4557; x_wconf 82' lang='lat' dir='ltr'><strong>Graeciae</strong></span> <span class='ocrx_word' id='word_1_241' title='bbox 427 4491 550 4555; x_wconf 86' lang='lat' dir='ltr'><strong>cultum</strong></span> <span class='ocrx_word' id='word_1_242' title='bbox 568 4511 587 4554; x_wconf 83' lang='lat' dir='ltr'><strong>a</strong></span> <span class='ocrx_word' id='word_1_243' title='bbox 604 4491 710 4578; x_wconf 77' lang='lat' dir='ltr'><strong>poetis</strong></span> <span class='ocrx_word' id='word_1_244' title='bbox 726 4493 911 4584; x_wconf 76' lang='lat' dir='ltr'><strong>proiectum</strong></span> <span class='ocrx_word' id='word_1_245' title='bbox 933 4521 1028 4570; x_wconf 70' lang='lat' dir='ltr'><strong>essse·¹</strong></span> <span class='ocrx_word' id='word_1_246' title='bbox 1051 4501 1143 4570; x_wconf 71' lang='lat' dir='ltr'><strong>aihu</strong></span> <span class='ocrx_word' id='word_1_247' title='bbox 1165 4502 1265 4568; x_wconf 84' lang='lat' dir='ltr'><strong>estin</strong></span> <span class='ocrx_word' id='word_1_248' title='bbox 1286 4475 1442 4566; x_wconf 83' lang='lat' dir='ltr'><strong>universo</strong></span> <span class='ocrx_word' id='word_1_249' title='bbox 1462 4517 1544 4585; x_wconf 86' lang='lat' dir='ltr'><strong>my-</strong></span> 
     </span>
    </p>
   </div>
   <div class='ocr_carea' id='block_1_6' title="bbox 124 4621 1545 4734">
    <p class='ocr_par' dir='ltr' id='par_1_7' title="bbox 124 4621 1545 4734">
     <span class='ocr_line' id='line_1_28' title="bbox 124 4621 1545 4734; baseline 0.013 -46"><span class='ocrx_word' id='word_1_250' title='bbox 124 4621 283 4713; x_wconf 83' lang='lat' dir='ltr'><strong>thologiae</strong></span> <span class='ocrx_word' id='word_1_251' title='bbox 303 4625 510 4710; x_wconf 56' lang='lat' dir='ltr'><strong>orbe,=niiril</strong></span> <span class='ocrx_word' id='word_1_252' title='bbox 530 4633 575 4700; x_wconf 74' lang='lat' dir='ltr'><strong>att</strong></span> <span class='ocrx_word' id='word_1_253' title='bbox 593 4633 729 4700; x_wconf 80' lang='lat' dir='ltr'><strong>deorum</strong></span> <span class='ocrx_word' id='word_1_254' title='bbox 748 4636 872 4712; x_wconf 78' lang='lat' dir='ltr'><strong>cultum</strong></span> <span class='ocrx_word' id='word_1_255' title='bbox 897 4642 1083 4728; x_wconf 81' lang='lat' dir='ltr'><strong>pertinens,</strong></span> <span class='ocrx_word' id='word_1_256' title='bbox 1112 4631 1205 4729; x_wconf 70' lang='lat' dir='ltr'><strong>quoti</strong></span> <span class='ocrx_word' id='word_1_257' title='bbox 1224 4663 1244 4710; x_wconf 79' lang='lat' dir='ltr'><strong>a</strong></span> <span class='ocrx_word' id='word_1_258' title='bbox 1262 4644 1367 4734; x_wconf 85' lang='lat' dir='ltr'><strong>poetis</strong></span> <span class='ocrx_word' id='word_1_259' title='bbox 1395 4641 1462 4708; x_wconf 82' lang='lat' dir='ltr'><strong>uon</strong></span> <span class='ocrx_word' id='word_1_260' title='bbox 1482 4661 1545 4706; x_wconf 82' lang='lat' dir='ltr'><strong>ex-</strong></span> 
     </span>
    </p>
   </div>
   <div class='ocr_carea' id='block_1_7' title="bbox 0 0 2088 5886">
    <p class='ocr_par' dir='ltr' id='par_1_8' title="bbox 0 0 2088 5886">
     <span class='ocr_line' id='line_1_29' title="bbox 0 0 2088 5886; baseline 0 10"><span class='ocrx_word' id='word_1_261' title='bbox 0 0 2088 5886; x_wconf 95' lang='lat' dir='ltr'><strong> </strong></span> 
     </span>
    </p>
   </div>
  </div>
 </body>
</html>
