4168 5872
1208 377 1286 468 ¹⁰4

1097 481 1419 533 m..

615 791 996 866 ExtinctaGraecorum
1016 786 1174 870 libertate,
1192 787 1321 872 Musae,
1344 787 1441 878 hujus
1463 788 1623 871 alumnae,
1638 797 1729 856 trans
1742 807 1836 855 mara
1856 784 1975 855 Athe-
2052 855 2053 867 ,

534 940 585 1006 nis
604 933 801 1023 aufugenmt
829 927 1086 1012 Alexandriam,
1114 925 1171 994 ubi
1194 929 1372 1016 perplura
1393 929 1517 1012 secula,
1547 926 1779 1016 benignissime
1800 937 1975 1015 exceptae,

537 1069 830 1164 agenerosissimia
849 1065 1054 1160 principibus
1083 1063 1283 1132 colebantur.
1336 1064 1405 1154 Qui
1433 1088 1539 1156 quum
1566 1076 1675 1132 essent
1703 1063 1880 1130 doctorum
1911 1064 1974 1130 ho-

538 1215 667 1280 minum
688 1207 916 1287 amantissimi,
948 1204 1136 1291 linquentes
1163 1201 1307 1292 undique
1334 1197 1375 1269 ad
1402 1229 1438 1272 se
1459 1191 1646 1274 invitabant
1666 1203 1878 1268 humanitatis
1903 1215 1973 1268 stu-

541 1351 666 1430 diosos,
701 1347 900 1433 inquorum
919 1361 1016 1408 usum
1034 1338 1200 1426 ingentem
1224 1341 1415 1432 colligebant
1435 1341 1595 1412 libromm
1617 1342 1755 1430 copiam.
1812 1339 1877 1406 His
1910 1341 1973 1405 ele-
2052 1390 2053 1395 ,

541 1487 728 1576 gantiorum
746 1482 940 1586 'litterarum
967 1475 1079 1544 studiis
1102 1475 1229 1566 abrepti
1249 1479 1360 1568 plures
1389 1479 1481 1550 brevi
1511 1480 1784 1561 inclarcseebant,
1818 1479 1854 1545 in
1876 1500 1972 1567 prae·

543 1625 629 1690 claro
657 1621 712 1688 illo
737 1617 965 1686 Alexandrino
998 1613 1075 1682 ludo
1112 1613 1269 1708 sonasti„
1322 1617 1408 1702 Hic,
1447 1639 1550 1708 quum
1579 1617 1782 1705 optimorum
1803 1616 1971 1710 *librorum

543 1757 751 1828 multitudine
779 1753 999 1834 abundarent,
1031 1753 1067 1818 in
1088 1752 1190 1836 iisque
1218 1753 1360 1840 legendis
1390 1754 1648 1824 exercitatissimi
1670 1768 1795 1838 essent,
1825 1755 1971 1844 primum

441 1889 447 1904 ’
536 1888 583 1963 ἐει
612 1895 742 1962 exculta
768 1904 818 1957 est
844 1915 913 1974 ars,
948 1911 1029 1976 quae
1057 1887 1174 1973 judicia
1202 1901 1331 1973 nostra,
1361 1890 1402 1956 de
1431 1894 1569 1960 vetustis
1598 1869 1811 1981 scriptoribus
1831 1891 1973 1968 serenda,

547 2033 755 2110 moderatur,
788 2030 950 2116 certisque
969 2025 1087 2116 regulis
1106 1991 1281 2114 praecipit,
1308 2026 1385 2115 quid
1403 2053 1538 2113 verum,
1574 2030 1768 2119 pulclnum,
1797 2031 1972 2118 genuinum

548 2173 584 2237 in
605 2171 668 2250 us,
696 2165 774 2254 quta
795 2163 929 2248 fanum,
966 2161 1151 2244 inficetum,
1184 2165 1403 2253 suppositum
1424 2170 1475 2236 st.
1533 2169 1698 2241 necuere
1718 2177 1894 2256 separans
1916 2189 1972 2232 sn-
2052 2147 2053 2156 '

548 2312 716 2394 liquorum
745 2305 928 2372 carminum
954 2303 1105 2382 turbam,
1139 2307 1277 2394 indeque
1301 2309 1502 2387 discernere,
1535 2329 1617 2392 quae
1646 2305 1751 2371 firmis
1778 2305 1972 2394 argumentis

551 2459 580 2510 ct
603 2441 781 2515 rationibus
808 2439 904 2504 certis
931 2439 1116 2506 auctoribus
1139 2443 1298 2510 vindicari
1321 2457 1494 2534 poterant3
1529 2455 1578 2524 et,
1608 2444 1634 2508 si
1656 2440 1781 2528 judiciis
1802 2461 1911 2507 corum
1935 2463 1971 2504 se

550 2579 850 2658 ceunmendassent,
893 2578 926 2641 iu
950 2597 1108 2642 canonem
1136 2555 1353 2670 recipiebant,
1385 2585 1421 2650 in
1450 2605 1515 2670 quo
1535 2579 1652 2646 bmnes
1672 2544 1788 2645 deiide
1808 2589 1970 2665 sequentes

553 2731 670 2784 aetates
692 2717 935 2806 acquieverunt.
977 2713 1089 2800 Atque
1110 2715 1154 2780 ita
1175 2717 1369 2800 factumest,
1391 2734 1429 2788 ut
1446 2721 1596 2786 omnium
1613 2719 1822 2804 antiquorum
1837 2717 1969 2806 scripto·
2052 2713 2053 2732 ¹

552 2879 628 2922 rum
661 2855 763 2921 latum
791 2876 808 2918 a
838 2874 953 2918 severo
982 2855 1269 2940 grammaticorum
1300 2859 1602 2926 Alexandrinorum
1633 2855 1751 2942 judicio
1779 2853 1969 2943 pependerit.
2052 2833 2053 2848 ἵ

554 2997 689 3060 Clarum
711 2991 839 3079 Orphei
862 3011 982 3056 nomen
1004 3004 1170 3057 noverunt
1191 2994 1255 3069 illia
1291 3009 1458 3064 noverunt
1484 2997 1582 3063 etiam
1601 2996 1770 3082 ingentem
1788 2995 1969 3070 carminum
2051 2971 2052 2988 ἵ

554 3153 635 3216 quae
657 3151 778 3194 nomen
801 3128 869 3210 ejus
891 3149 972 3215 prae
998 3149 1033 3190 se
1062 3123 1227 3213 serebant,
1260 3134 1401 3211 molerna
1433 3133 1488 3200 sed
1517 3133 1652 3204 Hesiodi
1681 3131 1888 3219 Homerique
1907 3153 1969 3196 car-

452 3343 457 3356 ,
506 3249 510 3256 ¹
553 3263 696 3332 minibus
718 3262 899 3350 antiquiora
917 3276 1014 3348 atque
1035 3257 1114 3328 adeo
1137 3266 1265 3354 Orphei
1286 3263 1437 3359 poemata
1459 3294 1495 3338 ee
1514 3271 1627 3358 legisse
1650 3263 1821 3360 negabant.
1872 3273 1969 3356 ltaque

554 3405 613 3469 vix
636 3399 850 3490 respiciebant
871 3422 1009 3490 nugaces
1031 3400 1108 3468 istos
1129 3403 1258 3493 Orphei
1282 3407 1424 3493 libell0s3
1463 3409 1549 3496 quod
1581 3407 1656 3476 iude
1684 3410 1895 3498 potissimum
1921 3429 1970 3495 ap·

555 3550 667 3624 paret,
703 3537 790 3623 quod
815 3537 979 3604 rarissime
1008 3537 1048 3602 ab
1080 3541 1117 3604 iis
1139 3557 1383 3629 memorantur,
1417 3559 1450 3612 et
1471 3547 1583 3615 nullibi
1604 3545 1672 3614 sere
1693 3547 1919 3614 auctoritatem
1938 3567 1971 3610 ex

555 3649 592 3741 iis
615 3685 785 3762 quaerunt.
838 3673 1080 3744 Verumtamen
1107 3699 1174 3744 non
1203 3703 1317 3749 omnes
1346 3665 1501 3752 uidentur
1529 3686 1588 3753 illis
1617 3685 1817 3773 temporibus
1838 3683 1972 3752 ‘eandem

550 3797 715 3879 ⁸rationem
744 3813 872 3900 sequuti
900 3835 979 3880 esse.
1039 3815 1227 3908 Philosophi
1262 3833 1367 3904 certe,
1403 3824 1458 3910 qui
1487 3823 1594 3890 minus
1624 3823 1782 3890 curabant
1811 3841 1972 3912 operosam

556 3954 675 4018 horum
707 3948 866 4020 librorum
894 3951 1118 4020 tractationem
1151 3955 1310 4042 criticam,
1344 3959 1432 4026 baud
1462 3959 1557 4028 dubie
1585 3961 1722 4050 perinde
1747 3961 1792 4027 iis
1821 3961 1873 4027 usi
1903 3969 1974 4036 suut

1946 4117 1974 4161 dc

464 4329 467 4334 ,
555 4277 671 4338 1‘·139·,
688 4268 814 4323 Chalcid·
829 4269 863 4322 ad
882 4271 952 4328 Plat.
977 4275 1050 4334 Tim.
1067 4293 1095 4346 p·
1106 4283 1168 4340 220·
1186 4251 1308 4347 Maura,
1325 4279 1427 4338 Euseb-
1451 4281 1497 4338 Pr.
1515 4237 1619 4352 Badio,
1638 4291 1663 4348 4.
1683 4290 1799 4356 Μ’ἵο..
1824 4285 1927 4342 lustin
1943 4282 1975 4340 ll·

555 4385 645 4435 paras.
657 4371 753 4434 =p·,77.,
772 4363 849 4424 Serv.
867 4368 901 4422 ad
922 4371 1003 4440 virg.
1020 4371 1091 4430 neu.
1109 4379 1135 4441 6,
1153 4379 1216 4438 667·
1235 4377 1272 4436 ei.
1285 4379 1360 4450 ling·
1373 4379 1408 4435 de
1419 4384 1526 4452 mytho
1538 4395 1635 4454 ·p·11·,
1652 4385 1834 4441 Tledemaun·
1852 4391 1927 4454 Ml
1938 4399 1976 4450 sq,
2050 4389 2051 4394 '

547 4465 676 4522 Piston.
695 4463 802 4520 sturae.
827 4472 899 4533 Μ
915 4483 956 4538 sq.
1559 4518 1561 4527 .
