4168 5886
1138 481 1166 556 4

1015 590 1295 616 Μ

445 730 631 822 primordiis
662 731 807 816 effluxit3
838 733 866 801 si
894 734 1003 800 varios
1034 752 1143 814 casus,
1176 753 1257 818 quos
1286 743 1370 798 actes
1398 731 1547 820 mythico
1572 731 1633 800 sub
1663 731 1866 800 Graecorum

445 872 644 958 scriptorum
664 871 814 938 manibus
834 892 928 958 passa
948 882 1013 950 est,
1046 871 1154 936 animo
1185 881 1298 934 nostro
1328 871 1507 957 colligimus
1536 881 1568 935 et
1591 873 1889 958 contemplamurr'

446 1009 475 1074 si
496 1007 634 1094 denique
656 998 795 1096 'exiguas
815 1005 944 1073 illarum
966 1027 1079 1072 rerum
1102 1005 1269 1092 reliquias,
1299 1007 1339 1072 ad
1361 1030 1421 1072 nos
1444 1007 1581 1090 delatas,
1610 1007 1867 1088 consideramusr

446 1167 516 1210 non
537 1167 712 1232 possumus
734 1167 809 1208 sane
831 1167 899 1208 non
921 1144 1091 1231 deplorare
1113 1141 1230 1208 harum
1249 1135 1432 1210 litterarum
1455 1144 1568 1226 satum,
1589 1145 1709 1210 dmum
1728 1145 1814 1210 istud
1837 1156 1867 1209 et

448 1281 657 1362 inexorabile,
680 1281 766 1367 quod
787 1282 1019 1346 accuratiorem
1041 1279 1248 1366 politissimos
1260 1281 1483 1398 humanitatis,
1506 1282 1672 1349 aGraccis
1694 1295 1867 1368 susceptae,

447 1419 667 1504 contritionem
695 1419 787 1483 nohis
809 1417 943 1498 invidit3
975 1415 1062 1503 quod
1088 1418 1215 1503 primos
1237 1419 1393 1504 igniculos
1422 1420 1572 1485 omnium
1600 1417 1669 1482 sere
1695 1419 1814 1484 estium
1837 1429 1867 1482 et

357 1641 361 1652 .
443 1551 688 1640 disciplinarum
709 1557 920 1620 inventarum
942 1552 1063 1618 abdidit
1085 1565 1116 1616 et
1136 1575 1240 1640 paene
1261 1557 1420 1622 extinxit.
1411 1555 1527 1642 quod
1548 1557 1655 1622 omnis
1679 1555 1867 1642 splendoris,

446 1689 498 1754 ab'
512 1692 767 1777 ingeniosissimo
790 1694 910 1781 populo
931 1691 1097 1780 producti,
1128 1713 1239 1754 causas
1260 1703 1292 1757 ct
1314 1692 1457 1758 rationes
1485 1706 1663 1780 tantopere
1676 1693 1868 1776 obscuravit,

413 1813 419 1820 ¹
448 1839 486 1892 ut
509 1829 566 1893 vir
588 1839 686 1892 tenue
708 1831 818 1893 lumen
840 1828 1031 1906 habeamus,
1065 1839 1098 1891 et
1126 1829 1235 1894 omnia
1256 1828 1346 1914 quasi
1366 1848 1427 1915 per
1452 1828 1602 1894 nebulam
1626 1849 1806 1892 cernamus.

533 1965 632 2029 Juvat
657 1975 766 2030 tamen
790 1977 820 2030 et
843 1965 902 2049 hos
925 1964 1143 2030 tenebricosos
1167 1952 1362 2052 antiquitatis
1383 1967 1471 2030 lucos
1492 1965 1666 2034 intrarem
1686 1987 1867 2052 peragrare,

451 2120 520 2164 non
540 2111 662 2164 lantum
686 2103 769 2168 circa
792 2103 917 2188 apricos
939 2101 1089 2165 historiae
1119 2124 1249 2189 campos
1272 2103 1412 2183 versari,
1440 2101 1680 2166 amoenissimos
1704 2095 1773 2168 illbs
1794 2103 1867 2188 qui·

371 2317 373 2322 ,
453 2235 545 2317 dem,
565 2237 622 2300 scd
643 2259 832 2302 communes
854 2250 886 2304 et
910 2239 1016 2302 tritos.
1054 2237 1103 2303 Ut
1122 2239 1289 2327 Daphnen
1310 2261 1421 2304 amans
1441 2236 1621 2322 Apollo,
1595 2257 1641 2302 ιιι
1661 2249 1692 2302 et
1716 2241 1770 2325 qui
1790 2239 1868 2304 haeo

252 2437 291 2471 μ
342 2428 456 2481 ··..·
440 2373 641 2506 ,AppUipis
654 2387 757 2439 castra
778 2386 974 2460 sequuntur,
1003 2375 1127 2462 ingenti
1153 2377 1342 2455 Musarum,
1368 2375 1539 2438 deviorum
1567 2355 1715 2440 lucorum
1737 2375 1867 2442 umbras

234 2485 294 2523 .·..
315 2545 324 2564 ·
344 2544 366 2584 ·‚
457 2479 697 2594 thierihhirm,
720 2533 830 2574 amore
852 2511 1007 2598 perculsi,
1039 2524 1071 2576 et
1091 2514 1279 2578 suavissima
1298 2511 1416 2573 horum
1434 2508 1615 2575 studiorum
1636 2511 1801 2576 dulcedine
1821 2515 1868 2579 al

408 2643 584 2765 132th
548 2673 586 2722 'tl
602 2669 664 2734 qua
680 2649 790 2730 latent,
811 2631 941 2713 meliora
962 2661 1086 2735 putant.
1128 2651 1185 2716 Illa
1205 2667 1319 2712 arcana
1339 2667 1407 2710 uon
1420 2666 1614 2734 promiscue,
1636 2671 1742 2734 neque
1759 2653 1869 2717 omni·

266 2808 282 2859 ·,
297 2806 361 2894 a:
439 2783 553 2888 :huss
542 2807 575 2848 ιιι
592 2784 757 2875 ,vestibulo
782 2785 1004 2868 haerentibus,
1024 2786 1080 2852 sed
1103 2785 1232 2852 initiatis
1254 2781 1411 2850 duntaxat
1431 2797 1560 2872 patent,
1579 2797 1616 2850 ut
1634 2787 1773 2854 Romani
1792 2788 1870 2875 phi-

286 2905 296 2922 ’
412 2858 602 3008 '‘lddophf
600 2921 711 2986 uerbis
733 2933 821 3006 utar3
813 2923 973 2988 ·reducta
995 2938 1028 2990 et
1049 2925 1082 2988 in
1103 2918 1256 2987 interiore
1278 2924 1418 2987 sacrario
1440 2925 1543 2988 clausa
1562 2935 1648 2989 sunt.
1689 2905 1870 2990 verumu-

455 3078 531 3122 men
556 3060 590 3124 ιιι
610 3058 673 3122 hoc
695 3061 892 3145 antiquitatis
913 3058 1099 3146 labyrintho
1121 3053 1185 3118 fido
1204 3055 1285 3121 duce
1308 3061 1367 3123 vix
1391 3055 1503 3122 carer'e
1522 3071 1554 3122 te
1572 3080 1667 3145 posse
1689 3081 1792 3144 quum
1810 3082 1869 3147 per

457 3216 491 3257 se
512 3195 547 3258 in
572 3198 679 3263 oculos
704 3198 858 3278 incurrit,
886 3208 957 3294 turn
979 3195 1080 3258 multa
1100 3203 1132 3256 et
1158 3194 1247 3259 varia
1271 3157 1420 3258 virorum
1445 3193 1614 3256 doctorum
1638 3201 1787 3284 exempla
1809 3198 1869 3261 do-

459 3343 548 3412 cent,
578 3333 632 3418 qui
657 3311 711 3398 aut
737 3337 862 3402 nullum
887 3333 1056 3410 comitem,
1084 3341 1140 3394 aut
1165 3327 1304 3395 infidum
1327 3341 1365 3394 -et
1393 3329 1555 3411 fallacem,
1587 3329 1759 3417 Ingenium
1784 3347 1869 3422 puta,

458 3468 519 3534 sibi
541 3469 765 3561 adjungentes,
786 3473 850 3537 illie
876 3481 908 3535 ct
935 3468 1014 3532 olim
1035 3478 1067 3530 et
1090 3465 1186 3534 hodie
1212 3467 1247 3531 in
1273 3467 1389 3530 alienas
1413 3467 1482 3531 vias
1509 3479 1541 3531 et
1567 3469 1710 3534 tramites
1738 3470 1868 3538 deerre-

457 3617 552 3686 runt,
580 3629 664 3693 quae
692 3609 734 3674 ad
761 3611 924 3674 lna-orum
953 3603 1150 3668 domicilium
1182 3573 1299 3668 inscios
1331 3601 1466 3666 (lucum.
1508 3605 1544 3668 Si
1575 3625 1659 3667 vero
1688 3606 1868 3695 incorrupti

458 3742 575 3808 iudicii
602 3739 806 3814 et'Rationis
830 3741 1029 3807 scrutatricis
1055 3739 1131 3805 iidei
1155 3751 1188 3802 te
1215 3737 1406 3820 credideris,
1433 3709 1513 3826 quac
1539 3751 1570 3804 et
1596 3761 1655 3826 per
1687 3739 1867 3808 fabularum

458 3877 625 3946 simulacra
653 3905 690 3948 ac
716 3881 870 3958 ludibria,
907 3877 998 3942 vario
1033 3875 1227 3961 dissouoque
1259 3897 1339 3938 sono
1366 3887 1398 3940 te
1429 3877 1571 3962 undique
1605 3878 1869 3946 circumvolitan-

457 4013 520 4096 tia,
547 4031 578 4082 et
605 4043 665 4106 per
693 4005 755 4083 aliu
784 4013 934 4078 historiae
962 4013 1087 4078 silentia
1113 4023 1144 4076 te
1173 4013 1343 4078 comitetur
1371 4025 1402 4078 et
1422 4013 1584 4094 traducat,
1613 4026 1683 4078 tum
1707 4015 1785 4082 nihil
1814 4030 1869 4100 est,

443 4119 544 4237 'qnod
566 4154 706 4242 dubites,
735 4165 767 4216 te
788 4149 975 4234 aliquando,
1002 4148 1154 4234 quamvis
1180 4147 1296 4214 difficili
1317 4161 1350 4213 et
1371 4149 1470 4214 ardua
1498 4150 1565 4230 via,
1595 4149 1633 4214 ad
1659 4153 1768 4219 sedern
1796 4156 1869 4220 Ve-

456 4290 556 4356 ritatis
588 4298 838 4378 perventurum.
898 4287 991 4351 Illam
1020 4285 1079 4350 tibi
1113 4285 1283 4350 conciliare
1311 4285 1422 4365 stude3
1459 4286 1511 4352 illa
1538 4285 1683 4352 Ariadne
1710 4301 1765 4354 tua
1791 4303 1870 4374 esto,

457 4447 538 4510 quae
558 4425 616 4490 tibi
642 4420 731 4488 fflum
754 4423 924 4510 praebeat:
964 4423 1050 4492 illam
1075 4423 1103 4489 si
1127 4422 1323 4502 deserueris,
1354 4423 1465 4488 similis
1487 4423 1634 4489 Deorum
1663 4428 1710 4492 ira
1737 4437 1770 4492 ts
1789 4435 1872 4515 per-

455 4572 625 4648 sequetur,
653 4579 751 4643 quam
772 4559 894 4628 Thesei
913 4561 991 4626 olim
1009 4558 1145 4648 per-lidia
1168 4569 1303 4648 experts
1323 4569 1389 4654 est·⁸
