4168 5872
782 463 961 588 1294

92 731 171 794 geru
179 729 211 771 nr
237 677 350 788 [ιιι-1ης
386 732 503 776 vemm
524 710 621 792 haec,
648 719 686 776 ut
708 707 762 774 vir
783 705 983 772 acutissimus
1006 727 1112 794 nuper
1132 705 1272 791 conjecit
1289 709 1361 794 ⁴⁹),
1392 713 1527 782 omnino

96 845 290 910 secernenda
314 859 362 910 est
391 872 410 913 a
438 849 587 937 mythico
610 869 719 936 grege.
749 879 793 898 -
837 845 884 910 Ui
904 855 978 908 urile
999 844 1213 910 Doriensium
1234 847 1442 934 migrationes
1463 873 1525 916 no-

96 1004 169 1046 men
198 983 342 1050 Helladis
371 987 505 1074 exiguos
532 998 659 1051 lantum
687 981 768 1050 fines
796 983 832 1048 in
861 981 1027 1048 Thessalia
1056 982 1350 1070 complectebatur,
1384 1009 1524 1074 quorum

94 1141 153 1182 cca
182 1119 267 1205 apud
296 1121 485 1188 lloruerum·
513 1123 655 1190 Achilles
685 1133 734 1186 est
754 1121 827 1206 ⁵⁰);
861 1121 906 1186 ita
931 1119 985 1184 diu
1007 1131 1082 1184 ante
1104 1131 1241 1186 aetatem
1266 1121 1431 1190 heroicam
1452 1127 1525 1211 pii-

95 1255 206 1320 miiiva
234 1253 443 1346 Pelasgorum
471 1260 562 1326 sedes
585 1260 771 1348 Pelasgiotis
800 1260 871 1323 sive
899 1258 1043 1344 Pelasgia
1069 1255 1168 1328 filicae
1195 1257 1325 1348 videtur
1351 1261 1387 1326 in
1409 1263 1521 1328 eadem

97 1393 262 1496 'l'hessalia
283 1353 374 1462 iuter
390 1399 536 1464 Peneum
558 1409 591 1463 et
615 1397 802 1486 Olympum
820 1395 885 1478 ⁵¹).
934 1396 1026 1460 Inter
1047 1395 1196 1483 Pelasgos
1221 1408 1330 1461 autem
1358 1409 1391 1463 ct
1408 1400 1525 1494 Helle.

94 1555 149 1596 ries
179 1533 278 1598 situm
308 1549 356 1600 est
384 1536 593 1602 Achivorum
610 1534 815 1623 imperium,
836 1531 941 1618 „quod
962 1534 1130 1598 Homerus
1161 1533 1285 1620 optime
1307 1534 1523 1604 adumbravit.

94 1671 168 1755 Quo
197 1683 348 1760 tempore
378 1673 440 1738 hoc
462 1673 581 1739 llorere
603 1672 763 1760 coeperit,
791 1652 868 1734 'non
899 1668 1017 1734 diserte
1046 1670 1177 1756 quidem
1205 1669 1409 1738 tradiderunt
1430 1685 1524 1740 vete-

93 1827 163 1882 rcs;
200 1832 317 1876 vernam
347 1811 515 1899 probabile
536 1823 603 1891 est,
634 1812 703 1894 ejus
725 1807 855 1872 initium
874 1806 909 1872 in
931 1805 1008 1893 ipsis
1031 1807 1178 1872 heroicae
1200 1807 1312 1872 aetatis
1334 1808 1521 1896 pm'mordiia

95 1946 316 2028 quaerendum
341 1971 419 2014 esse.
473 1949 546 2013 lam
566 1947 651 2053 'quid
679 1965 760 2012 vero
782 1941 915 2008 aimihua
938 1963 1007 2006 esse
1027 1954 1153 2029 potest,
1185 1965 1284 2031 quam
1306 1945 1412 2032 ipsam
1435 1961 1523 2014 aeta·

92 2093 156 2147 lein
188 2084 353 2152 heroicam
375 2088 538 2173 Pelasgico
558 2085 697 2173 imperio
717 2081 818 2148 linem
841 2078 974 2146 tulisse?
1012 2078 1316 2148 enieonfitandum
1339 2083 1433 2150 nobis
1464 2099 1521 2168 est,

92 2243 132 2283 ne
155 2205 332 2310 vestigium
361 2223 491 2310 quidem
523 2223 620 2306 hujus
651 2223 699 2288 rei
726 2219 813 2309 apud
844 2227 972 2283 veteres
1001 2239 1167 2306 apparere.
1220 2219 1270 2286 At
1288 2222 1401 2308 quidni
1429 2227 1464 2290 in
1486 2247 1523 2290 re
1562 2233 1569 2254 '

25 2389 30 2396 ·
91 2371 157 2421 tam
182 2359 352 2447 desperaia
382 2372 413 2423 et
442 2372 511 2454 tam
532 2361 729 2425 conclamata
750 2355 931 2424 modestam
956 2357 1177 2440 conjecturam
1199 2377 1387 2445 proponere
1407 2362 1523 2429 liccat?

93 2517 195 2580 quae,
228 2498 254 2562 si
285 2497 365 2562 viris
393 2495 605 2576 acutioribus⁸
619 2495 796 2584 placuerit,
832 2491 918 2558 haud
940 2495 1174 2559 contumaciter
1193 2516 1228 2557 se
1250 2496 1400 2582 recipiet,
1437 2498 1523 2562 unde

91 2632 237 2718 profecta
266 2645 324 2698 est.
386 2633 473 2698 Cum
500 2644 610 2716 autem
641 2643 768 2697 certum
799 2628 857 2708 sit,
896 2649 913 2692 a
939 2625 1079 2714 Pelasgis
1108 2629 1143 2692 in
1171 2629 1286 2715 primis
1316 2629 1521 2700 Graecorum

94 2774 250 2856 mysteria
281 2770 440 2857 originem
470 2769 587 2835 ducere
593 2791 607 2850 3
646 2767 761 2834 deinde
792 2787 867 2832 cum
897 2785 997 2850 aeque
1020 2775 1147 2829 certum
1176 2765 1233 2844 sit,
1265 2771 1423 2856 mysteria
1451 2783 1523 2837 tum

94 2909 226 2974 demum
248 2908 335 2972 oriri·
349 2908 564 2986 sole1·e‚.cum
587 2929 692 2988 sacra,
713 2927 794 2991 quae
817 2902 986 2988 aliquando
1006 2923 1066 2988 per
1089 2900 1261 2967 Graeciam
1283 2905 1411 2990 publice
1435 2913 1522 2976 cole-

92 3047 211 3111 bantur
238 3048 329 3126 (nam
359 3044 430 3128 quis
459 3043 632 3110 crediderit
662 3042 818 3131 mysteria
851 3060 926 3102 cum
955 3039 1161 3104 Graecorum
1190 3038 1316 3126 origine
1350 3044 1530 3146 conjunctax

93 3185 216 3266 essai),
253 3179 473 3270 potentiorum
505 3184 703 3269 populorcun
725 3179 865 3267 imperio
886 3199 1077 3265 suppressa,
1109 3179 1144 3242 in
1166 3179 1366 3265 templorum
1387 3181 1542 3246 claustra>

160 3522 212 3591 49)
228 3521 365 3577 Niebuhr·
388 3521 454 3575 hisi·
480 3523 560 3576 llom.
595 3523 663 3582 T.1·
685 3529 760 3594 pffi
777 3541 836 3594 sqq.
882 3523 925 3576 De
950 3517 1053 3572 horum
1084 3513 1266 3585 Pelasgorum
1292 3521 1433 3586 primitiva
1458 3519 1523 3574 cede

92 3639 145 3674 ison
177 3638 294 3690 possum
320 3638 384 3674 crim
416 3629 477 3676 siro
509 3623 674 3676 doctissime
701 3627 867 3675 cernentia-e.
899 3645 937 3664 -
979 3619 1126 3698 Caeterum
1152 3617 1184 3674 hi
1211 3613 1322 3685 Pelasgi
1347 3618 1525 3688 hrtclligeudi

92 3731 170 3780 scirit,
202 3734 275 3787 quoa
293 3719 460 3771 Plutarchus
479 3719 518 3785 (v.
538 3722 617 3771 llom·
638 3727 681 3778 10.
699 3723 769 3778 Ἠ.
788 3737 813 3786 p.
821 3726 866 3778 76.
883 3720 930 3782 ii.)
947 3733 1004 3768 aion
1022 3733 1071 3780 per
1089 3715 1233 3769 Graeciam
1255 3723 1377 3777 tantum,
1408 3715 1455 3768 aed
1475 3733 1524 3783 per

93 3823 239 3890 trientinam
264 3821 346 3869 etlam
373 3819 458 3884 hulam
484 3818 560 3872 orbis
586 3830 692 3886 partem
717 3816 847 3880 disjectos
873 3829 934 3863 csse
960 3809 1053 3859 tradit·

163 3940 211 4010 50)
231 3943 339 3996 Gillias.
365 3942 431 3996 hist.
458 3942 508 3996 Gr·
534 3943 568 3995 T.
583 3951 608 4002 1.
640 3945 717 4010 p.5.‚
750 3935 856 4020 hisrah-
882 3937 950 4000 eti·
969 3939 1003 3992 ii
1022 3949 1077 4002 sap,
1109 3931 1321 4014 Thicrsehgcle
1349 3931 1417 3988 Hes.
1446 3943 1527 4014 pfl.

93 4041 220 4094 lareher.
246 4039 350 4092 llcrod·
375 4039 442 4099 T.7.
468 4046 578 4108 p·237.,
607 4037 784 4092 lluelhuunu·
809 4035 872 4086 init.
896 4032 962 4084 hist·
987 4029 1036 4085 Gr.
1063 4043 1089 4096 p.
1099 4033 1174 4094 114,
1207 4025 1245 4082 O·
1269 4031 1400 4087 Mueller·
1423 4030 1526 4104 Aegle.

94 4157 120 4206 l’·
132 4149 172 4200 15·
193 4146 237 4200 19·
256 4143 316 4198 155.

163 4264 213 4333 ⁵¹)
230 4253 359 4318 Lei-cher.
380 4260 485 4315 llecod.
503 4263 572 4322 ¹127.
592 4265 704 4329 pito..
731 4255 863 4312 Mueller.
885 4253 955 4308 Dor.
979 4250 1014 4304 T.
1023 4257 1048 4309 i·
1075 4253 1171 4316 edhi-
1200 4275 1236 4292 -
1272 4249 1387 4321 Argolis
1412 4269 1525 4323 queque

94 4367 238 4433 (hiuoiiee.
257 4364 357 4434 hegin.
382 4376 409 4426 p,
420 4359 476 4425 9.),
505 4371 532 4410 et
550 4360 684 4420 Arcadia,
713 4367 826 4423 totaque
849 4352 1078 4419 Peloponnesus,
1110 4359 1137 4400 et
1162 4351 1289 4400 urrivcrsa
1316 4347 1432 4403 Graecia
1446 4341 1526 4403 'dieu

94 4467 164 4518 olim
182 4475 226 4518 est
243 4463 386 4530 Pelasgia.
403 4457 509 4512 Marah·
527 4474 554 4524 p.
563 4463 589 4516 3.
602 4465 628 4517 7.
642 4462 687 4516 2³.
701 4461 745 4516 25.
757 4461 803 4514 50·
829 4476 864 4490 -
900 4449 1089 4510 Thessaliam,
1106 4451 1326 4515 antiquissimam
1343 4446 1526 4519 Pelasgorum
1576 4497 1578 4504 ,

97 4567 209 4624 sedem,
236 4559 386 4616 confirma
406 4558 492 4609 etiam
516 4551 634 4608 Homeri
659 4553 753 4624 Argos
778 4551 972 4618 Pelasgum,
1002 4558 1029 4600 ec
1054 4544 1174 4598 Dodona
1197 4544 1350 4616 Pelasgicc.

423 4673 536 4734 ω’
1095 4675 1136 4740 17
