4168 5872
764 373 771 384 ’
853 427 928 500 rra

744 535 1027 558 m

158 665 285 752 pbeos,
304 689 323 730 ο
345 665 488 734 Tbrau'a
506 665 678 748 oriundos,
698 666 798 736 fuisoe
818 671 917 741 tradit
934 673 999 760 ”t
1040 677 1152 746 Suidas
1166 675 1316 765 ,qunque
1335 682 1493 772 recenset.
1534 670 1595 734 lu·

157 815 215 870 ter
234 803 317 881 duos
338 804 531 872 Herodorus
554 804 759 874 distinxerat.

248 1025 488 1092 Verumtamen
505 1001 615 1114 primo
639 1028 770 1114 quidem
791 1031 907 1099 obtutu
929 1036 1091 1124 singulare
1109 1035 1200 1102 alicui
1223 1032 1325 1121 possit
1344 1027 1467 1106 videri,
1501 1026 1586 1112 qnod

154 1161 315 1250 Orpbeus
338 1175 371 1228 et
389 1163 508 1230 Bacchi
531 1175 564 1242 et
586 1165 747 1252 Apollinis
770 1171 874 1235 cultor
895 1175 1083 1260 appellatur.
1136 1172 1259 1258 Atqui
1282 1179 1369 1236 recte
1393 1163 1586 1230 aestimare·

152 1301 201 1364 rit
224 1323 275 1381 ea,
306 1323 387 1386 quae
408 1313 536 1366 veteres
554 1301 598 1392 “¹0
619 1305 751 1392 gemino
772 1307 893 1374 Bacchi
915 1311 1016 1391 cultu,
1046 1311 1176 1400 publico
1197 1321 1230 1374 et
1251 1329 1384 1388 arcano,
1414 1302 1585 1390 orgiastico

153 1449 189 1501 et
210 1438 297 1518 miti,
326 1437 510 1504 furibundis
529 1440 646 1506 Matris
668 1441 781 1510 Idaeae
803 1447 1012 1535 religionibus
1032 1450 1144 1530 simili,
1178 1459 1307 1513 etcum
1329 1439 1454 1531 placido
1474 1438 1584 1524 Apol-
1616 1461 1624 1470 ·

150 1576 236 1655 line,
269 1575 374 1642 Musis
404 1590 436 1642 et
454 1575 576 1643 Gratiis
606 1581 889 1666 conjunctissimo,
926 1585 1146 1668 tradiderunt,
1182 1585 1263 1652 nibil
1287 1581 1366 1647 miri·
1385 1577 1437 1642 bic
1460 1573 1580 1661 depre-

151 1712 282 1778 hendet.
331 1713 525 1780 Acerrimae
553 1718 664 1814 rixae,
697 1741 778 1806 quae
805 1721 846 1785 de
875 1723 1049 1812 Lycurgo,
1081 1721 1226 1790 Pentheo
1256 1734 1288 1788 et
1310 1715 1427 1785 Belidis
1447 1732 1578 1776 memo·

148 1862 284 1931 rantur,
319 1852 474 1918 siverint
495 1875 609 1935 verae,
642 1857 714 1922 sive
731 1855 839 1940 fictae,
871 1859 910 1925 ad
940 1861 1107 1948 publicum
1136 1858 1256 1926 Bacchi
1277 1859 1401 1922 cultum
1422 1859 1577 1940 spectant,

149 2000 182 2052 et
201 1987 256 2053 bic
281 1990 416 2054 omnino
443 1959 557 2056 missas
588 1989 734 2062 facimus.
791 1997 854 2062 Eas
885 1997 1031 2088 Orphica
1060 2011 1163 2067 aetate
1189 2000 1256 2084 jam
1285 1991 1478 2084 compositas
1506 2007 1576 2052 esse

146 2137 289 2212 oportet.

805 2355 908 2448 XL.

231 2532 422 2621 Apollineae
443 2537 605 2627 religionis
631 2559 706 2604 cunr
733 2539 889 2604 Bacchica
911 2542 1103 2624 conjunctas
1130 2537 1217 2604 haud
1238 2537 1375 2602 obseura
1402 2529 1486 2618 apud
1509 2551 1572 2593 ve-
1604 2533 1607 2540 “

140 2683 228 2736 teres
259 2686 386 2739 exstant
413 2675 576 2762 vestigia*
609 2677 729 2743 Baccbi
758 2679 862 2743 cultus
892 2677 1092 2758 Thracibus,
1125 2676 1181 2763 qui
1200 2673 1367 2740 Boeotiam
1392 2681 1424 2734 et
1448 2665 1568 2734 Phoci-

139 2808 217 2874 dem
246 2811 448 2893 incolebant,
483 2813 639 2900 proprius
665 2827 744 2881 erat.
793 2817 832 2882 ln
862 2815 973 2880 eadem
992 2783 1146 2880 'Phocide
1176 2813 1370 2889 Dorienses,
1409 2830 1427 2870 e
1458 2805 1567 2874 Creta,

140 2967 208 3033 qno
230 2949 457 3035 antiquissimis
477 2949 680 3037 temporibus
703 2949 907 3018 eTlressalia
929 2949 1069 3040 profecti
1090 2959 1197 3030 erant,
1228 2949 1386 3026 advenae,
1410 2941 1566 3030 Apollini,

138 3087 268 3153 numini
304 3108 396 3153 mere
429 3085 570 3168 Dorico,
604 3109 695 3154 sacra
722 3089 934 3163 condiderant
952 3089 1015 3174 ὀ).
1075 3088 1130 3157 Ad
1161 3086 1327 3156 Heliconis
1355 3081 1477 3150 radices
1505 3077 1565 3142 sita

138 3236 210 3289 erat
237 3225 334 3312 Nysa
362 3227 458 3306 urbs,
491 3225 630 3312 antiquis
659 3225 803 3315 Dionysi
827 3227 1034 3316 religionibus
1062 3209 1241 3308 nobilitata,
1280 3222 1368 3290 unde
1394 3222 1464 3306 ipse
1486 3217 1563 3282 deur

137 3381 264 3427 nomen
297 3362 398 3430 uarie
417 3362 481 3445 ⁹¹).
536 3363 585 3428 Ut
622 3375 731 3430 autem
764 3365 904 3432 Helicon
935 3378 965 3431 et
997 3367 1174 3432 Parnassus
1214 3361 1368 3428 continuo
1400 3355 1562 3423 montium

209 3671 258 3744 ¹⁹>
274 3675 371 3732 Herm.
394 3679 426 3732 ln
446 3679 517 3735 Plat.
536 3677 654 3734 Pbaedr.
680 3693 707 3748 p.
717 3685 780 3742 109.
808 3680 869 3732 Aur.
894 3679 931 3730 cl.
954 3681 998 3733 rr.
1017 3678 1108 3747 orph.
1126 3685 1225 3748 Ριὸθόι
1255 3679 1352 3732 flam.
1379 3675 1422 3728 De
1448 3659 1571 3740 reliquia¹

135 3771 191 3826 vn.
218 3789 281 3843 ΝΡ·
313 3779 395 3844 nto
813 3802 818 3815 ·
1630 3767 1636 3780 ³

208 3897 253 3968 ὀ)
272 3897 310 3956 0.
332 3902 464 3958 Mueller.
487 3903 556 3958 Dor.
575 3904 609 3958 Τ.
620 3912 645 3964 1.
670 3907 760 3972 p0212
774 3915 816 3971 sq·
845 3897 914 3954 baec
939 3906 1019 3970 ponit
1044 3905 1117 3954 eirea
1135 3907 1189 3962 200
1212 3911 1275 3954 anta
1302 3897 1482 3952 Hortensium
1506 3899 1560 3948 mi·

134 4001 292 4068 prationem
310 4001 385 4068 quod
403 4014 513 4069 tempus
533 4005 647 4056 cannino
667 4003 798 4056 convenit
815 4014 880 4052 cum
898 3993 1039 4068 Orphicae
1056 4001 1149 4068 poesis
1167 3993 1253 4064 llere,
1271 4013 1286 4050 e
1305 3993 1458 4050 rationibus
1477 4009 1560 4061 snpra

134 4113 150 4148 a
169 4093 251 4150 nobis
271 4102 425 4164 propositis
1237 4089 1240 4096 Α

206 4215 254 4286 ⁹¹)
272 4219 417 4288 Aristopb.
447 4189 515 4279 bau.
537 4213 615 4286 2151
652 4191 749 4283 nasim
777 4227 826 4282 tote
853 4227 963 4276 aarum.
995 4219 1129 4291 Apollas.
1154 4215 1244 4301 flbod.
1265 4225 1298 4307 2,
1320 4217 1383 4278 905·
1410 4221 1443 4283 t.
1462 4223 1557 4278 libb:

131 4325 180 4375 Ante
197 4325 296 4376 xviim
312 4319 358 4374 vla.
377 4320 413 4374 cf·
430 4319 543 4378 Pindar-
561 4341 605 4393 ap·
620 4325 713 4392 Etyin.
732 4325 771 4381 Μ.
790 4343 816 4378 v.
834 4325 878 4382 Ci-
894 4323 1030 4382 donaber-
1048 4319 1135 4373 nam.
1151 4315 1250 4376 'Mb-1
1263 4319 1362 4383 1)·71,
1379 4315 1558 4396 Haacttvillu

131 4422 242 4488 origine
260 4429 314 4474 eto.
336 4419 372 4474 T·
381 4426 408 4478 1·
423 4425 484 4480 116·
509 4419 547 4474 cl·
563 4429 626 4494 222·
644 4447 680 4466 ··
711 4425 816 4479 Fraret.
840 4423 924 4478 Μὸιι.
952 4424 1041 4480 ΜΒ·
1067 4420 1167 4485 mii·
1191 4415 1331 4472 ‘1⁸¹¹ssss
1354 4419 1404 4470 Μ*
1426 4427 1454 4468 ⁸¹
1473 4417 1558 4482 'lma

128 4515 205 4570 loris
228 4514 333 4588 pullas·
361 4513 442 4572 Oba!
476 4519 571 4588 noega
589 4515 678 4586 (Dias.
696 4535 724 4588 p.
737 4527 781 4583 21.
802 4521 878 4591 219.)
904 4541 921 4576 a
944 4527 992 4576 aa
1017 4521 1075 4578 taus
1099 4513 1175 4584 qued
1196 4511 1363 4570 wetsten·
1386 4515 1488 4579 Ροὸῧθ·
1503 4514 1559 4568 5¹²·
